3060 4658
605 747 786 855 Vita.

235 1009 373 1139 Natus
403 1095 474 1138 sum
501 1073 666 1138 Emestus'
684 1072 843 1137 Ricardus
867 1071 1006 1137 Schulae
1029 1071 1246 1160 Budissaein

149 1177 233 1244 urbe
255 1177 409 1242 Lusatiae
439 1176 520 1263 prid.
550 1175 591 1239 id.
622 1176 696 1243 mai.
729 1197 757 1240 a.
779 1174 808 1240 h.
833 1196 856 1239 s.
879 1173 960 1238 LIII
982 1183 1075 1260 patre
1099 1174 1245 1239 Gustauo

149 1279 339 1357 Theodoro,
377 1299 472 1364 quem
507 1277 626 1342 abhinc
664 1278 804 1364 quinque
835 1300 938 1342 anuos
967 1278 1141 1342 immatura
1168 1276 1246 1341 mihi

149 1390 255 1447 morte
277 1389 421 1467 ereptum
446 1402 516 1445 esse
538 1379 635 1445 ualde
657 1379 758 1460 doleo,
781 1390 813 1445 et
834 1389 937 1445 matre
952 1379 1101 1444 Paullina
1117 1401 1134 1443 e
1150 1387 1246 1463 gente

150 1484 401 1564 Grohmannia,‘
418 1505 515 1570 quam
545 1482 653 1548 adhuc
682 1482 806 1549 saluam
829 1504 900 1548 esse
922 1481 1048 1566 gaudeo
1071 1481 1245 1568 laetorque.

147 1586 226 1652 fidei
248 1586 396 1651 addictus
419 1607 489 1651 sum
512 1585 730 1677 euangelicae.
775 1607 849 1650 cum
870 1587 904 1649 in
925 1583 1002 1650 ludo
1017 1582 1146 1671 publico
1162 1585 1243 1649 litte·

147 1712 257 1754 rarum
280 1689 469 1754 rudimentis
490 1687 631 1753 imbutus
647 1711 760 1771 essem,
782 1711 811 1752 a.
835 1687 867 1754 h.
890 1711 914 1752 s.
937 1686 1032 1751 LXV
1054 1689 1088 1751 in
1109 1709 1244 1770 gymna-

148 1794 233 1858 sium
256 1792 466 1856 Budissinum
488 1799 638 1875 receptus
659 1813 732 1855 cum
755 1791 890 1855 aliorum
913 1792 1056 1856 uirorum
1080 1788 1246 1854 doctorum

146 1904 219 1960 tum
250 1915 328 1958 uero
359 1892 489 1958 Ottonis
511 1891 694 1956 Kreussleri
720 1895 854 1959 rectoris
885 1902 917 1958 et
940 1886 1054 1958 Caroli
1071 1891 1248 1958 Christiani

148 1997 324 2064 Schubarti
355 1996 552 2060 conrectoris
583 1994 753 2080 disciplina
781 1996 1032 2081 prudentissima
1054 1994 1245 2060 humanissi-

147 2122 269 2186 maque
293 2120 363 2162 sum
386 2119 472 2162 usus.
496 2119 523 2161 a.
540 2095 689 2160 LXXIII
704 2100 899 2164 maturitatis
915 2100 1098 2165 testimonio
1113 2108 1246 2185 accepto

147 2204 298 2289 Lipsiam
336 2223 388 2265 me
418 2200 538 2265 contuli
566 2199 674 2284 ibique
703 2200 889 2266 academiae
919 2204 1000 2267 ciuis
1032 2203 1137 2267 factus
1167 2225 1247 2267 sum.

147 2314 344 2392 postquam
365 2324 485 2367 annum
509 2301 624 2367 Martis
647 2311 754 2366 castra
775 2315 904 2369 secutus
927 2327 1006 2386 sum,
1039 2328 1104 2370 non
1126 2305 1247 2371 inuitus

147 2417 261 2491 togam
291 2406 428 2493 sumpsi,
458 2414 494 2470 ut
522 2404 718 2493 philologiae
748 2427 879 2491 operam
901 2429 1067 2478 nauarem
1121 2408 1248 2474 scholas

147 2509 219 2574 adii
247 2510 390 2574 uirorum
415 2507 701 2573 illustrissimorum
732 2507 833 2572 Bauri
864 2508 957 2575 Curti
979 2510 1141 2597 Delitachi
1163 2511 1248 2576 Dro-

147 2611 257 2679 biscbi
286 2612 454 2677 Ecksteini
480 2611 641 2677 Frituschi
662 2609 781 2675 Heinai
803 2610 915 2675 Kuhni
937 2612 1044 2696 Langi
1066 2613 1159 2700 Lipsi
1179 2613 1248 2677 Rit-

147 2714 252 2780 scheli
275 2715 384 2801 Voigti
401 2714 553 2780 Zarnoki.
597 2723 766 2800 praeterea
781 2714 984 2800 frequentaui
1000 2716 1246 2780 exercitationes

147 2820 351 2902 antiquarias
381 2817 489 2901 Longi
522 2827 554 2882 et
583 2817 782 2883 Theodiscas
814 2816 1087 2901 Germanicasque
1117 2817 1248 2882 Brauni.

147 2921 305 2986 seminari
332 2918 567 3004 philologorum
596 2921 678 3004 regii
699 2928 852 3005 quattuor
873 2942 931 3006 per
953 2920 1059 3005 spatia
1082 2921 1248 2983 semestris

147 3019 276 3090 sodalis
301 3021 483 3086 ordinarius
505 3022 552 3085 fui
573 3023 665 3108 isque
681 3023 745 3088 tria
758 3046 817 3111 per
832 3023 999 3090 semestria
1014 3022 1128 3087 senior.
1158 3043 1247 3086 exer·

149 3123 361 3190 citationibus
392 3124 554 3188 societatis
578 3123 725 3191 Graecae
747 3125 922 3215 Lipsianae
946 3135 978 3191 et
1000 3125 1151 3189 seminari
1173 3147 1247 3210 pae-

147 3227 312 3310 dagogici‚
328 3225 415 3312 quod
429 3226 637 3292 Ecksteinius
651 3230 846 3310 moderatur,
869 3231 966 3295 etiam
982 3249 1068 3294 nunc
1082 3228 1248 3292 intersum.

239 3328 402 3412 magistris
440 3329 519 3392 meis
547 3351 619 3392 cum
650 3331 800 3396 omnibus
830 3342 897 3397 tum
927 3334 961 3396 in
991 3332 1104 3418 primis
1135 3329 1247 3396 Curtio

132 3432 342 3527 'Ecksteinio
382 3426 510 3514 ¹Langio
550 3431 661 3518 Lipsio
702 3430 898 3513 Ribbeckio‚
933 3436 988 3521 qui
1025 3434 1088 3497 uiri
1125 3455 1249 3497 summe

147 3533 332 3601 uenerandi
354 3532 527 3619 plurimum
549 3535 582 3597 iu
604 3555 656 3597 me
678 3532 882 3600 liberalitatis
904 3546 936 3601 et
950 3536 1159 3620 benignitatis
1175 3557 1250 3601 con·

148 3636 267 3718 tulere,
281 3638 404 3719 gratias
421 3646 453 3701 et
466 3658 553 3702 nunc
568 3658 630 3722 ago
645 3647 678 3702 et
694 3656 819 3724 semper
834 3635 959 3702 habebo
972 3659 1070 3725 quam
1080 3641 1249 3703 maximas.
