3060 4658
618 323 664 346 -α
678 274 791 362 Si
781 330 845 358 -.
936 379 1127 407 .

387 464 425 551 b)
447 467 503 531 καί
517 469 580 545 τήν
595 469 714 551 ἐγγύην
729 462 836 532 αὐτὸν
797 388 1074 553 ωελσπράξας
1035 489 1099 545 την
1109 461 1193 556 πρὸς
1197 450 1272 545 τήν

1095 561 1270 656 τραπεζαν,

391 672 424 757 e)
391 673 480 737 οτί
500 667 745 758 προσεδόκων
729 670 796 739 υπὸ
819 667 940 737 τούτου
955 668 1059 747 αὐτὸς
1074 672 1273 746 πείσεσθαις

267 795 465 860 quemquam
487 776 588 859 igitur
608 776 643 839 in
665 777 851 842 uniuersum
874 775 942 840 sine
964 775 1184 840 controuersia
1198 792 1273 840 eon·

181 876 373 963 positionem
403 878 501 943 etiem
531 879 559 944 si
591 901 656 944 non
683 880 857 945 iucundam
887 888 921 944 et
940 879 1093 961 leonem,
1127 887 1161 942 et
1188 884 1276 942 certe

182 978 351 1044 honestam
381 1002 453 1047 esse
464 981 489 1067 ¹)
522 980 762 1047 consedendum
783 993 847 1066 eet,
877 991 986 1047 tamen
1008 979 1181 1046 uerborum
1202 999 1276 1043 een·

183 1083 378 1149 tinuationes
393 1084 611 1165 inueniuntur,
625 1103 706 1168 ques
720 1085 791 1149 iure
804 1084 1039 1172 reprehendere
1053 1085 1168 1169 possis.

266 1193 353 1251 reete
376 1186 461 1250 enim
489 1186 555 1250 iem
575 1184 720 1252 Blessius
749 1189 849 1253 sensit
880 1189 914 1252 in
943 1186 1101 1272 principio
1124 1184 1278 1250 orationis

183 1288 229 1373 (1.
251 1288 286 1373 2)
308 1288 488 1354 contraries
511 1291 687 1355 sententias
709 1290 816 1354 minus
838 1290 1007 1376 perspicue
1028 1288 1113 1351 inter
1128 1308 1162 1351 se
1179 1306 1277 1373 oppo-

184 1392 264 1456 sitas
285 1412 374 1457 esse:
404 1414 480 1456 nem
510 1393 664 1459 orationis
687 1394 824 1481 scriptor
853 1393 887 1455 in
914 1392 1021 1477 priore
1043 1388 1186 1453 membro
1209 1408 1280 1451 sen·

184 1496 304 1559 tentiae
325 1497 405 1577 eius,
427 1515 552 1580 queea
573 1495 680 1561 uerbis
703 1505 773 1573 τοῖς
794 1498 855 1580 μὲν
877 1488 1034 1580 ἐμπόροις
1055 1512 1157 1578 usque
1180 1490 1222 1555 ed
1245 1492 1281 1554 αί

183 1597 274 1662 δίκαι
297 1589 380 1663 ὦσιν
402 1598 551 1684 pertinet,
583 1600 798 1684 συμβολαίων
821 1597 1070 1683 interponere
1093 1591 1235 1678 neglexit
1245 1592 1279 1677 ἐ).

272 1722 333 1765 nee
354 1709 463 1767 tamen
484 1701 612 1768 Blessio
634 1703 782 1788 equidem
803 1700 836 1765 id
859 1700 1010 1764 assentiri
1031 1720 1171 1786 possum,
1193 1696 1281 1782 quod

185 1807 215 1884 ᾗ.
229 1804 279 1921 '22
302 1811 498 1870 structuram
518 1805 700 1871 liberiorem
716 1826 787 1870 esse
802 1802 1042 1892 reprehendens
1058 1800 1149 1865 dixit
1178 1797 1281 1863 uerbo

186 1906 371 1971 enimsunt
392 1907 489 1971 ίιιιεσ.

272 2008 355 2077 Α.ε
334 2008 368 2094 ε)
391 2033 414 2073 α
403 2009 492 2094 μὲν
513 2002 574 2076 σύν
596 2011 669 2096 περὶ
691 2005 754 2087 τήν
767 2005 939 2099 ἀφάνισιν
947 2011 1014 2072 τῶν
1029 2000 1210 2081 συνθηκῶν
1224 2004 1280 2068 καὶ

691 2105 754 2186 τήν
775 2111 897 2196 γνῶσιν
919 2109 977 2188 τῆς
1001 2110 1128 2186 διαίτης
1214 2166 1217 2171 ,

393 2212 605 2305 Ἀπατουρίῳ
628 2216 683 2280 καὶ
706 2213 754 2298 τῷ
777 2213 932 2304 διαιτητῇ
954 2217 1152 2299 πέπρακται,

340 2315 374 2401 b)
396 2313 455 2384 ἐάν
476 2339 557 2383 ποτε
578 2318 677 2409 σωθῇ
700 2315 718 2383 ὁ
741 2313 945 2402 ήδικημένος,

339 2419 371 2504 e)
392 2420 488 2499 δίκην
508 2421 586 2509 παρ’
608 2421 719 2488 αὐτῶν
740 2416 893 2507 λήψεται.

276 2521 314 2588 Β.
336 2520 368 2607 e)
391 2518 502 2601 ἐπειδὴ
523 2521 548 2587 δ’
573 2529 617 2599 τίς
640 2524 739 2588 τοῦτο
762 2516 926 2599 ἐλήλυθεν
947 2516 1131 2607 ἀναιδείαςί

398 2627 454 2711 eo)
478 2627 562 2692 ὥστε
583 2623 685 2711 κάμοὶ
707 2622 874 2702 δικάζεται

475 2734 638 2816 ἐπιφέρων
658 2731 774 2793 αἰτίαν
796 2725 838 2802 ὡς
861 2719 1063 2809 ἀνεδεξάμην
1085 2726 1233 2805 ἐκτίσειν,

587 2829 616 2893 εί
632 2853 666 2894 τι
688 2828 946 2911 καταγνωσθείη
959 2826 1019 2889 τοῦ
1031 2826 1280 2908 Παρμένοντος,

398 2931 456 3016 ιβ)
477 2933 534 2995 καί
571 2949 675 3017 φησιν
704 2931 911 3012 ἐγγραφῆναι
941 2930 984 3000 είς
1014 2918 1075 2999 τάς
1104 2928 1280 3006 συνθήκας

450 3125 453 3128 ,
1035 3027 1280 3114 reservor,

339 3134 374 3223 b)
397 3136 504 3223 ὥσπερ
531 3127 688 3223 προσήκει
709 3128 870 3211 τοιαύτην
891 3132 1007 3195 αίτίαν
1029 3127 1281 3212 ἀπολύσασθαι,

341 3239 372 3327 o)
395 3245 450 3321 σα)
473 3237 606 3325 πρῶτον
633 3240 695 3325 μὲν
715 3234 796 3323 ύμῖν
817 3229 988 3322 μάρτυρας
1011 3225 1281 3320 παρασχήσομαι,

467 3338 510 3418 ὡς
533 3339 592 3407 οὐκ
616 3335 834 3427 ήγγυησοίμην
855 3331 918 3424 tyri
941 3332 1002 3402 τὸν
1024 3338 1259 3423 Παρμένοντα,

559 3440 630 3510 ἀλλ’
818 3443 1004 3528 Ἄρχιππος
1026 3436 1281 3529 Μυρρινούσιος,

396 3550 451 3635 est)
474 3551 589 3616 ἐπειτα
623 3541 824 3632 πειράσομαι
858 3547 914 3611 και
944 3551 978 3610 ἐκ
1008 3547 1189 3631 τεκμηρίων
1218 3537 1282 3621 τήν

477 3642 667 3738 ἀπολογίαν
688 3648 911 3729 ποιήσασθαι.

274 3752 358 3818 haee
379 3755 508 3839 quidem
526 3763 687 3822 suuetma
702 3752 904 3820 artificiosior
918 3750 1025 3835 potius
1040 3770 1137 3834 quam
1152 3748 1284 3813 liberior

188 3854 269 3925 mihi
290 3857 436 3924 uidetur:
458 3880 536 3924 num
557 3860 641 3925 inter
665 3879 700 3924 se
721 3850 918 3944 respondent
940 3873 961 3914 a
983 3858 1015 3914 et
1036 3871 1072 3934 e,
1101 3850 1124 3915 b
1146 3858 1179 3913 et
1197 3848 1237 3928 b,
1262 3869 1282 3912 e

262 4030 290 4099 1)
308 4025 484 4100 ,compositio
495 4025 580 4081 debet
592 4043 654 4082 esee
666 4028 785 4083 honesta
797 4020 920 4076 iucunde
928 4016 1017 4071 σιτία*
1031 4015 1147 4081 Quintil.
1162 4011 1280 4066 institut.

189 4123 261 4174 oret.
278 4115 368 4171 VIIII.
386 4116 412 4185 4,
431 4112 490 4169 146.

176 4257 181 4263 .
258 4205 287 4275 2)
303 4219 359 4275 quo
381 4201 488 4257 fertum
511 4202 567 4266 est,
593 4202 624 4251 ut
648 4197 678 4251 in
701 4196 800 4253 eodiee
817 4197 845 4245 Σ
860 4190 899 4261 μή
917 4195 984 4245 ente
1009 4184 1098 4242 uerba
1119 4185 1280 4254 γινομενον

190 4290 370 4360 συμβολαίων
387 4295 492 4346 temere
509 4283 691 4340 omitteretur
1055 4340 1072 4392 6
