3060 4658
659 233 871 297 ..15-

222 410 253 467 et
282 401 476 469 confidentia
504 402 612 467 iurare
643 424 678 467 se
699 424 795 489 posse
822 402 1004 468 ostenderet
1033 404 1143 490 itaque
1171 401 1314 473 iudicum

220 506 344 569 animos
367 503 428 568 sibi
450 502 643 571 conciliaret.

305 607 441 672 forsitan
456 608 631 695 quaesierit
653 609 823 696 quispiam,
844 609 1038 696 quibusnam
1061 608 1101 673 de
1121 608 1220 674 rebus
1233 608 1312 674 Par·

220 731 338 775 menon
349 711 509 796 Apaturio
521 714 572 777 ius
586 710 760 776 iurandum
770 709 924 778 obtulisse
937 713 1093 778 uideatur.
1123 712 1313 776 iniuriarum

221 815 356 896 actione,
379 836 477 901 quam
490 816 682 882 instructam
697 836 768 881 esse
783 822 881 881 antea
894 816 1045 898 uidimus,
1063 814 1097 879 id
1113 814 1314 901 potissimum

221 916 444 1004 quaerebatur,
474 926 545 983 uter
565 919 653 1007 prior
679 916 884 984 uerberasset
912 913 1070 1006 ὁπότερος
1096 910 1172 1003 ἦρξε
1197 917 1314 1004 χειρῶν

220 1015 343 1087 ἀδίκων
356 1020 390 1106 ¹).
434 1020 543 1108 itaque
572 1044 638 1087 non
660 1022 730 1086 sine
758 1021 867 1109 aliqua
896 1020 1133 1109 probabilitate
1156 1020 1314 1109 suspicari

219 1145 391 1209 possumus
406 1123 468 1188 hac
489 1127 562 1211 ipsa
584 1123 624 1189 de
646 1146 682 1189 re
703 1125 753 1189 ius
775 1124 947 1190 iurandum
962 1123 1106 1191 oblatum
1127 1145 1216 1191 esse:
1237 1146 1313 1190 nam

220 1228 354 1291 maximi
367 1229 521 1293 momenti
536 1227 757 1315 quaestionem
770 1227 871 1294 fuisse
885 1250 927 1292 ex
941 1251 979 1294 eo
1001 1227 1205 1312 intellegitur,
1228 1226 1314 1314 quod

220 1332 400 1417 Apaturius
432 1339 547 1418 postea
587 1351 789 1419 quacumque
827 1332 952 1397 ratione
983 1330 1193 1422 iurisiurandi
1228 1331 1313 1395 illius

219 1435 287 1499 uim
308 1435 484 1522 infringere
505 1435 620 1500 studet
664 1456 724 1500 nec
745 1435 821 1501 huic
834 1458 927 1502 meae
947 1434 1067 1500 rationi
1085 1434 1204 1517 obstat,
1226 1432 1314 1520 quod

220 1537 261 1602 de
289 1537 435 1625 pluribus
464 1538 652 1604 criminibus
663 1538 687 1625 ²)
717 1547 831 1604 auctor
859 1538 1014 1606 orationis
1043 1537 1192 1624 loquitur.
1237 1559 1313 1602 nam

220 1641 268 1705 sic
289 1639 369 1706 mihi
383 1664 452 1707 rem
473 1642 621 1725 informo,
642 1652 679 1707 ut
700 1642 783 1708 duas
804 1666 857 1709 res
870 1642 1066 1730 Apaturium
1086 1638 1313 1705 iureiurando

220 1743 410 1809 confirmare
424 1744 565 1812 uoluisse
579 1746 694 1829 dicam,
715 1769 776 1812 nec
794 1748 935 1834 priorem
950 1768 986 1811 se
1006 1744 1198 1811 uerberasse
1206 1743 1231 1830 l)
1254 1763 1314 1808 nec

220 1846 339 1912 multas
360 1869 520 1933 grauesue
542 1849 658 1939 plagae
681 1850 868 1916 aduersario
890 1849 1047 1915 inflixisse
1057 1849 1092 1935 ⁴).

305 1972 419 2017 uerum
436 1951 519 2018 haec
532 1953 698 2019 hactenus.
730 1956 796 2019 iam
818 1976 856 2019 eo
875 1954 1044 2020 redeamus
1066 1950 1152 2017 unde
1174 1950 1314 2035 digressi

222 2077 338 2121 sumus.
381 2057 562 2145 Apaturius
590 2056 647 2122 ubi
668 2056 786 2124 multos
815 2078 886 2123 esse
914 2057 1014 2140 uidit,
1046 2056 1176 2143 quise,
1209 2055 1238 2119 si
1265 2055 1312 2117 iu·

221 2169 335 2243 rasset,
356 2161 477 2248 periuri
499 2161 678 2227 conuicturi
701 2169 817 2242 essent,
846 2160 898 2226 ius
917 2159 1091 2225 iurandum
1113 2158 1191 2222 dare
1211 2156 1315 2222 noluit

221 2262 287 2346 sed,
309 2272 345 2328 ut
359 2265 461 2350 ipsius
476 2266 613 2331 oratoris
628 2265 737 2331 uerbis
752 2273 835 2344 utar,
857 2258 900 2338 ὡς
918 2264 991 2354 δίκῃ
1006 2258 1114 2329 λύσων
1136 2257 1198 2328 τὸν
1214 2254 1314 2344 ὅρκον

220 2369 456 2449 προσκαλεῖται
487 2362 547 2434 τὸν
576 2368 802 2456 Παρμένοντα
831 2376 868 2430 ut
897 2367 948 2431 ius
986 2365 1159 2431 iurandum
1187 2365 1314 2431 irritum

219 2468 383 2554 redderet,
412 2471 661 2537 Parmenontem
680 2470 856 2537 accusauit.
900 2467 987 2556 quod
1015 2466 1144 2555 quidem
1167 2469 1223 2554 qui
1243 2466 1315 2532 fieri

220 2574 361 2658 potuerit
383 2574 557 2640 admodum
579 2573 716 2639 difficilis
746 2584 796 2640 est
817 2575 980 2661 quaestio,
1010 2595 1108 2660 quam
1137 2592 1204 2638 non
1224 2572 1314 2658 prius

222 2675 346 2741 soluere
375 2676 547 2758 audemus,
581 2699 679 2764 quam
706 2699 790 2765 quae
820 2678 905 2743 actio
935 2676 977 2743 ab
999 2676 1159 2765 Apaturio
1189 2677 1315 2740 intenta

221 2800 292 2843 esse
314 2778 472 2864 uideatur,
493 2782 607 2867 paucis
628 2782 904 2868 explicauerimus.

308 2883 393 2949 duae
425 2887 569 2951 actiones
600 2885 631 2950 ei
652 2885 707 2971 qui
728 2885 895 2950 accusauit
916 2883 958 2948 ab
990 2903 1028 2946 eo
1060 2884 1115 2968 qui
1144 2892 1315 2948 accusatus

224 2996 272 3052 est
300 2986 425 3052 intendi
453 2998 589 3073 possunt
617 2997 675 3053 aut
700 2976 908 3074 νινιρνιγροιφί4
938 2992 994 3050 aut
1024 2978 1227 3074 ἀντιγραφή.
1274 2985 1315 3051 de

222 3089 428 3177 paragrapho
463 3100 572 3156 autem
607 3090 668 3156 hoc
705 3088 776 3163 loco
814 3087 950 3172 cogitari
979 3109 1045 3152 non
1077 3097 1200 3174 potest,
1241 3109 1313 3173 pro·

222 3204 335 3282 pterea
364 3194 451 3281 quod
479 3195 657 3281 Apaturius
693 3214 758 3257 non
787 3191 822 3256 in
856 3189 1060 3257 defendenda
1089 3190 1316 3256 Parmenontie

224 3299 429 3363 accusatione
451 3308 609 3379 uersatur,
638 3296 694 3362 sed
722 3299 792 3384 ipse
814 3315 940 3382 quoque
963 3292 1185 3360 aduersarium
1207 3295 1315 3359 nescio

224 3400 350 3487 quade
371 3400 577 3487 repostulat.
623 3402 740 3466 etenim
762 3400 824 3464 nisi
846 3397 927 3465 alter
946 3398 1082 3464 alterum
1105 3397 1316 3479 accusauerit,

224 3527 289 3569 non
304 3504 399 3569 uideo
414 3507 535 3592 quires
550 3514 617 3571 tam
631 3505 695 3571 cito
711 3502 753 3569 ad
767 3503 1022 3591 conpromiseum
1038 3501 1155 3567 adduci
1169 3502 1317 3588 potuerit.

224 3607 349 3672 accedit
379 3610 464 3695 quod
492 3611 624 3676 minime
653 3608 723 3674 ueri
755 3606 858 3673 simile
892 3615 941 3673 est
972 3617 1129 3686 actorem,
1163 3605 1218 3692 qui
1247 3606 1317 3691 ipse

296 3814 323 3884 l)
340 3813 378 3867 cf.
391 3812 508 3869 Heffteri
520 3815 538 3871 Ι.
557 3814 592 3868 de
607 3814 675 3868 iuris
689 3813 811 3868 dictione
824 3809 1046 3874 Atheniensium,
1065 3806 1202 3863 Coloniae
1213 3808 1317 3878 Agrip-

225 3898 410 3968 pinae1822,
436 3916 502 3972 pag.
524 3902 585 3956 ato.
621 3899 686 3957 Mei.
710 3900 734 3954 dc
758 3898 887 3955 Schoem.
915 3896 967 3949 litt.
990 3896 1048 3950 Art.
1072 3911 1137 3964 pag.
1162 3893 1214 3948 548
1238 3909 1316 3963 prox.

225 3984 349 4045 Platner.
367 3985 405 4040 Π.
422 4002 488 4058 pag.
508 3988 567 4044 197.

294 4075 325 4146 2)
342 4080 409 4146 περί
425 4094 521 4127 τινων
538 4071 733 4146 ὀγνλημάτων
753 4073 794 4128 13.

292 4161 322 4234 3)
339 4168 400 4217 τῶν
416 4181 448 4214 τε
465 4158 588 4231 πληγῶν.

293 4250 322 4319 4)
340 4255 389 4304 καὶ
407 4247 452 4304 ὅτι
469 4245 599 4313 ἐκωλύθη
616 4252 667 4301 τοῦ
685 4243 765 4303 πλοῦ.
