3060 4658
675 224 883 290 -24-

241 420 303 485 quo
325 399 353 463 is
375 397 432 484 qui
446 405 578 462 accusat
598 396 724 476 fruitur,
746 403 782 459 ut
799 394 871 483 plus
893 396 923 459 ci
944 394 1020 460 fidei
1040 395 1206 478 habeatur,
1227 414 1324 481 quam

241 502 348 589 siqui
369 508 624 581 accusaturum,
655 500 781 586 ipsese
804 497 900 584 plane
921 499 1107 587 priuauerit.
1150 499 1240 584 atqui
1260 519 1323 584 quo

238 607 307 670 iure
335 602 513 689 Apaturius
541 601 788 667 Parmenontem
817 602 1033 684 accusauerit,
1068 623 1133 667 non
1162 610 1211 666 est
1239 601 1324 687 quod

241 708 337 773 anxie
352 727 561 793 quaeramus:
585 727 661 769 nam
675 704 762 790 quod
776 705 943 770 consilium
957 706 1116 772 actionem
1129 702 1324 770 intendendo

242 819 369 877 secutus
391 809 433 873 sit
452 808 524 873 luce
545 806 663 872 clarius
685 816 749 873 est:
778 806 879 873 noluit
900 809 1077 897 Apaturius
1103 830 1176 873 oum
1196 807 1326 873 Parme·

240 921 338 980 noute
360 911 448 998 apud
467 911 590 976 iudices
615 909 686 994 lege
708 932 822 996 agere,
851 911 908 977 sed
929 910 1156 976 iurisiurandi
1184 910 1271 996 quod
1292 931 1327 975 se
1431 912 1436 919 '

242 1017 392 1082 daturum
412 1015 603 1101 promiserat
625 1012 770 1079 soluendi
790 1015 897 1099 gratia
918 1036 1036 1079 nouam
1057 1013 1145 1079 litem
1160 1021 1285 1078 mouet.

327 1140 410 1205 quas
431 1138 504 1182 cum
524 1118 571 1182 ita
593 1116 665 1197 sint,
686 1139 751 1183 nou
773 1126 860 1182 certo
876 1116 958 1182 solui
978 1125 1086 1204 potest
1107 1118 1251 1204 quaestio
1272 1116 1329 1181 illa

243 1244 340 1310 quam
353 1220 594 1286 Hudtwalcker
622 1218 642 1287 l.
664 1219 701 1285 cl.
722 1241 797 1308 pag.
820 1222 863 1288 55
890 1220 1074 1307 proposuit,
1107 1220 1252 1305 legitima
1273 1220 1329 1284 uia

244 1324 422 1414 Apaturius
450 1324 501 1388 ius
530 1322 703 1388 iurandum
730 1322 872 1388 oblatum
898 1323 1029 1389 soluerit
1058 1344 1167 1389 necne.
1210 1324 1328 1389 etenim

245 1431 272 1492 si
287 1425 477 1521 antigraplrs
492 1447 541 1508 ea,
557 1448 654 1512 quam
670 1446 780 1489 ueram
795 1424 939 1508 dicimus,
954 1448 1031 1497 usus
1048 1435 1105 1505 est,
1120 1435 1156 1490 ut
1170 1426 1328 1491 actionem

244 1533 353 1605 αἰκίας
368 1529 576 1596 Parmenonti
590 1526 780 1610 intenderet,
800 1528 851 1593 ius
865 1529 1036 1594 iurandum
1049 1530 1190 1614 legitime
1204 1529 1329 1593 irritum

243 1635 365 1698 factum
393 1641 457 1712 est,
490 1631 565 1717 quia
590 1629 814 1696 Parmenontis
843 1653 959 1697 caussa
987 1641 1020 1697 et
1049 1632 1224 1697 differenda
1253 1640 1330 1711 erat,
1402 1682 1406 1689 a

244 1736 321 1801 dum
350 1735 390 1799 de
419 1733 610 1821 antigrapho
641 1737 805 1819 cognitum
834 1743 936 1816 esset,
968 1757 1028 1802 nec
1060 1737 1123 1802 nisi
1151 1735 1328 1821 Apaturius

243 1839 349 1903 uictus
371 1846 464 1917 esset,
486 1836 645 1903 adfinem
666 1836 797 1922 perduci
820 1847 946 1927 poterat
958 1839 990 1926 1).
1035 1841 1085 1904 siu
1108 1849 1215 1906 autem
1233 1837 1330 1903 aliam

244 1941 333 2008 litem
362 1940 413 2006 uel
441 1931 572 2024 βλάβης
602 1937 653 2003 uel
681 1939 802 2024 βιαίων
821 1941 960 2007 intendit
976 1944 1171 2029 Apauarius,
1198 1941 1330 2026 negotia

243 2044 446 2111 facessiuisse
476 2042 708 2108 existimandus
737 2053 803 2108 este
833 2066 908 2109 uam
936 2045 983 2110 ita
1009 2045 1256 2112 Parmenoutem
1278 2065 1329 2109 ac·

244 2148 385 2228 cusauit,
416 2169 482 2212 non
507 2154 543 2211 ut
571 2146 697 2211 actione
722 2146 880 2230 uinceret,
910 2148 967 2213 sed
990 2158 1026 2214 ut
1048 2149 1090 2214 ad
1118 2149 1254 2215 arbitros
1276 2147 1329 2212 eli-

245 2251 369 2337 gendos
394 2250 615 2314 aduersarium
643 2248 824 2336 inpelleret,
856 2251 950 2316 sicuti
971 2251 1131 2333 Boeotus,
1161 2260 1197 2316 ut
1226 2249 1330 2315 dicam

246 2353 308 2420 sibi
329 2355 485 2419 intentam
506 2354 693 2439 reprimeret
715 2362 746 2417 et
767 2352 944 2434 dirimeret,
970 2357 1128 2421 actionem
1149 2363 1263 2421 contra
1283 2354 1344 2418 in·-

244 2455 348 2522 tendit
376 2479 413 2522 eo
444 2455 611 2522 dumtaxat
640 2455 789 2534 consilio,
821 2464 858 2520 ut
887 2456 1093 2523 aduersarius
1122 2458 1249 2542 litigare
1275 2455 1329 2521 de-

246 2559 372 2626 sisteret
393 2568 425 2625 et
445 2568 580 2646 utraque
602 2580 717 2625 caussa
739 2557 869 2630 arbitris
884 2558 1079 2626 diudicauda
1100 2561 1282 2628 traderetur
1293 2561 1329 2646 ²).

331 2669 402 2726 utut
415 2669 493 2742 erat
504 2662 547 2727 ad
561 2664 814 2750 compromissum
827 2685 879 2727 res
895 2662 1035 2728 adducta
1045 2672 1095 2728 est
1104 2666 1138 2750 ³).
1167 2663 1330 2749 litigantes

245 2763 304 2830 tris
319 2763 475 2830 diaetetas
496 2767 641 2853 priuatos
666 2766 721 2853 qui
743 2765 893 2831 dicuntur
914 2767 960 2831 ita
975 2765 1038 2832 sibi
1059 2776 1271 2855 sumpserunt,
1295 2775 1331 2831 ut

246 2890 345 2933 unum
367 2871 575 2935 communiter
597 2870 782 2955 deligerent,
802 2868 989 2934 Phocritum
1009 2870 1204 2957 Byzantium
1229 2890 1329 2957 popu·

244 2969 344 3037 larem
367 2992 470 3056 suum,
500 2972 643 3059 singulos
665 2972 856 3059 adiungeret
879 2983 1029 3060 uterque,
1058 2974 1234 3061 Apaturius
1256 2971 1329 3036 Ari·

317 3176 345 3244 1)
361 3173 398 3230 cf.
408 3176 534 3232 Platnsr.
552 3175 575 3230 Ι.
592 3193 658 3250 pag.
672 3177 732 3233 251.
768 3176 988 3248 Schoemauuus,
1006 3179 1054 3250 qui
1071 3177 1149 3234 litem
1166 3177 1330 3232 instructam

248 3260 417 3331 antigrapho
435 3262 552 3318 dilatam
573 3279 637 3320 esse
657 3264 775 3336 regitat,
805 3263 857 3318 sibi
879 3270 1004 3331 constat,
1030 3282 1094 3320 cum
1113 3265 1148 3320 de
1171 3264 1225 3318 litt.
1243 3262 1331 3339 Attio.

245 3363 313 3420 pag.
327 3349 386 3416 690,
405 3354 461 3405 uot.
473 3352 499 3406 t.
517 3350 596 3405 dicit:
615 3349 652 3406 ob
670 3351 729 3405 und
747 3350 776 3405 in
794 3350 845 3404 wie
861 3348 925 3405 feru
937 3369 991 3406 von
1008 3351 1099 3407 ainem
1111 3349 1262 3422 beklagtsn
1281 3349 1331 3404 der

245 3433 304 3488 ihm
315 3436 528 3506 augeschobene
538 3438 597 3491 und
609 3452 828 3510 angenommeue
837 3436 883 3492 sid
897 3438 983 3493 durch
993 3440 1056 3494 eine
1068 3438 1227 3494 reinersaita
1239 3453 1331 3510 gegen
1385 3447 1387 3451 ’

248 3520 303 3575 den
320 3528 509 3592 provocanten
528 3524 665 3580 erhobene
677 3522 848 3595 widerklage
866 3523 942 3580 habe
959 3542 1119 3598 umgaugen
1131 3525 1244 3579 werden
1262 3525 1332 3579 klin-

241 3623 301 3663 nen
318 3606 411 3678 (Dem.
428 3627 458 3682 g.
475 3613 591 3682 Apatur.
610 3629 631 3666 s.
649 3612 709 3669 896.
726 3611 781 3683 27),
805 3610 892 3666 achan
909 3612 960 3666 wir
977 3612 1080 3668 aheneo
1098 3612 1190 3683 wenig
1209 3612 1264 3679 ein,
1289 3609 1332 3666 als

245 3692 446 3750 Hudtwalcker
461 3714 482 3754 a.
500 3699 542 3754 55.
561 3698 603 3754 56.

313 3782 342 3851 2)
362 3778 462 3856 [Dum]
488 3782 607 3840 XXXX.
632 3785 675 3840 39.
709 3785 746 3838 ἂν
768 3782 799 3838 dd
819 3784 897 3859 Μγῃ,
925 3783 962 3843 ὡς
988 3784 1135 3847 ἀξιοῦνται
1159 3786 1245 3840 αὺτοῦ
1268 3791 1331 3840 ἐπι-

244 3871 346 3940 τρὸψαι
363 3867 480 3924 Κόνωνι
502 3876 544 3938 τῷ
563 3872 704 3940 Τιμοθέου
726 3875 775 3926 oda
795 3871 952 3940 ἐβουλόμην
969 3876 1139 3943 ἐπιτρέπειν,
1159 3874 1332 3942 ἐνθυμεῖσθε

247 3953 283 4012 u‘rs
294 3955 440 4018 ἐξαπατᾶν
453 3955 522 4025 ὑμᾶς
533 3956 709 4030 ἐπιχειρήσαι,
726 3958 760 4012 cl.
773 3958 815 4014 17.
842 3958 907 4011 orico
916 3965 968 4013 νῦν
980 3964 1045 4031 περὶ
1057 3963 1175 4013 ἐκείνων
1187 3960 1276 4026 εἴληχέ
1282 3980 1333 4027 μοι

182 4053 186 4062 ·
248 4036 328 4105 δίκην
347 4039 488 4111 οὐδεμίαν,
508 4038 578 4098 ἀλλὰ
598 4049 663 4117 περὶ
681 4041 774 4097 ἄλλων
796 4049 885 4098 τινῶν
908 4043 1026 4100 λυάειν
1047 4050 1119 4104 τοῖς
1141 4045 1332 4119 ἐγκλήμασι

244 4131 386 4186 τούτοις
403 4130 466 4195 τὴν
484 4127 582 4195 δίκην
600 4130 729 4197 ταύτην
748 4129 918 4197 οἰόμενοι.

314 4217 343 4286 a)
360 4212 402 4290 §a
420 4217 531 4272 14-18.
