3060 4658
671 145 862 209 ..7-

219 325 256 380 ut
275 317 533 409 interpunctione
554 324 629 404 post
652 313 732 404 παρ’
758 317 880 383 ἐκείνου
905 319 1012 404 posita
1034 313 1315 404 ἀνθομολογησά-

218 438 316 503 μενος
338 413 421 502 πρὸς
443 418 565 486 τοῦτον
579 419 680 487 uerba
703 420 745 487 ad
767 422 917 508 proxima
939 421 1100 511 pertinere
1122 422 1315 493 existiment.

221 521 279 588 sed
291 522 371 589 baec
386 522 617 610 interpretatio,
629 526 777 610 quamuis
791 524 1019 612 interpretibus
1029 525 1195 613 placuerit,
1205 534 1315 593 tamen

218 626 271 692 uel
293 625 413 692 idcireo
442 626 520 693 ferri
541 649 607 693 nou
628 636 750 715 potest,
783 627 870 716 quod
891 648 932 694 ea
954 637 1087 716 accepta
1108 629 1244 695 uerbum
1264 653 1314 696 re·

219 730 373 817 quiritur,
407 752 428 794 a
450 752 513 817 quo
542 725 603 809 τὰς
627 738 710 819 τρεῖς
733 733 938 800 accusatiuus
964 731 1121 820 pendeat:
1152 726 1315 819 namquo

219 835 325 900 minus
349 826 413 909 τοὶς
437 839 522 918 τρεῖς
543 855 617 901 cum
631 834 764 901 Reiskio
779 833 822 900 ed
844 828 958 920 λαβών
976 835 1163 918 referamus,
1184 857 1315 925 prorsus

185 1022 192 1026 .
218 936 298 1003 illud
315 937 474 1024 probibet,
498 937 583 1023 quod
599 945 666 1005 tres
685 937 758 1003 illas
777 939 881 1005 minas
910 961 976 1004 non
991 947 1081 1006 actor
1103 940 1236 1026 accepit,
1259 939 1316 1005 sed

219 1041 416 1129 Apatmius,
449 1048 486 1104 ut
508 1039 646 1106 dilucide
667 1041 719 1107 bis
731 1043 757 1128 ¹)
780 1041 858 1106 dicit
879 1044 950 1129 ipse
971 1051 1094 1126 orator,
1123 1043 1189 1107 iam
1219 1051 1316 1109 antea

220 1152 400 1231 acceperat.
438 1165 498 1209 nec
513 1144 600 1209 credi
615 1152 722 1233 potest
736 1166 793 1211 eas
808 1144 851 1211 ab
866 1144 1027 1232 Apaturio
1043 1156 1118 1215 ante
1131 1145 1315 1233 pactionem

219 1249 321 1313 actori
342 1247 479 1315 beditas
495 1268 583 1313 esse:
605 1268 710 1334 neque
732 1248 819 1313 enim
839 1247 972 1314 dubium
995 1256 1053 1330 est,
1075 1249 1153 1336 quin
1174 1246 1228 1313 ille
1250 1268 1315 1328 eas,

167 1385 171 1394 ·
222 1350 318 1416 simul
341 1359 437 1439 atque
459 1351 593 1437 accepit,
626 1350 854 1432 creditoribus,
886 1353 942 1438 qui
963 1351 1243 1418 uehementissime
1264 1372 1314 1416 re·

220 1454 416 1542 poscebant,
450 1455 618 1521 confestim
651 1453 837 1520 reddiderit.
896 1464 984 1520 recte
1015 1455 1114 1539 igitur
1141 1455 1315 1520 Dercetius

218 1557 262 1626 H.
293 1555 446 1623 Wolfium
476 1566 605 1623 secutus
635 1553 998 1643 ἀνθομολογησάμενος
1022 1578 1096 1623 cum
1123 1558 1315 1625 anteceden-

220 1661 308 1727 tibus
337 1659 447 1726 uerbis
477 1660 839 1745 coniungendumpesse
868 1662 975 1726 sensit
1020 1662 1107 1748 quod
1135 1670 1243 1727 autem
1264 1662 1315 1727 uir

218 1765 272 1829 ille
295 1764 410 1831 doctus
433 1764 530 1829 uertit
551 1766 640 1850 (pag.
663 1764 741 1851 203)
767 1765 809 1852 xje
830 1785 882 1829 me
904 1764 943 1828 fis
966 1763 1122 1850 subroger
1141 1786 1203 1852 par
1223 1764 1313 1850 Apa-

119 1898 123 1901 ·
217 1870 345 1956 t‘ourios
376 1866 457 1932 dans
486 1865 519 1931 la
548 1869 683 1933 creance
715 1869 771 1934 des
800 1868 880 1935 trois
907 1867 1011 1932 mines
1041 1889 1104 1955 que
1130 1867 1314 1933 Parmduon

218 1974 307 2040 avait
328 1971 402 2059 teja
421 1972 551 2036 veredes
563 1974 607 2055 ΞΥ,
630 1969 779 2057 equidem
793 1970 944 2037 assentiri
964 1993 1029 2036 non
1051 1991 1149 2058 queo:
1174 1991 1250 2036 nam
1273 1968 1314 2037 de

217 2074 433 2142 substituendi
462 2077 592 2140 notione
622 2074 715 2139 uerbi
743 2070 1062 2159 ἀνθομολογεῖσθαι
1090 2074 1226 2158 cogitari
1247 2095 1313 2140 non

216 2189 333 2266 potest,
354 2188 526 2267 propterea
540 2177 627 2265 quod
641 2200 788 2264 persona,
802 2199 861 2265 pro
877 2198 942 2264 qua
956 2177 1091 2242 alteram
1107 2175 1313 2244 substitutam

217 2305 287 2349 esse
309 2282 481 2348 Darestius
504 2281 591 2358 dicit,
613 2303 674 2347 nec
696 2282 881 2347 nominatur
903 2301 1007 2367 neque
1030 2301 1072 2346 ex
1094 2301 1219 2345 conexu
1240 2301 1311 2346 seu-

215 2388 389 2452 tentiarum
410 2386 552 2469 intellegi
572 2393 687 2473 potest.
730 2394 871 2450 ceterum
893 2383 949 2448 illa
969 2385 1059 2450 uocis
1081 2377 1160 2449 doci
1182 2384 1312 2449 notione

217 2497 352 2578 accepta
374 2487 693 2573 ἀνθομολογεῖσθαι
714 2480 775 2562 τοὶς
797 2496 883 2571 τρεῖς
903 2485 991 2572 μνᾶς
1017 2509 1081 2553 non
1104 2495 1190 2551 esset
1220 2485 1311 2563 ‚alius

216 2667 424 2675 Μ*-

217 2762 343 2819 fiteretur
361 2780 391 2818 se
403 2777 505 2817 nauem
525 2777 604 2816 suam
617 2759 797 2817 uendidisse‘
834 2759 908 2813 idem
920 2758 973 2814 sibi
991 2760 1132 2829 persuasit
1141 2759 1309 2833 liudolphus

218 2851 360 2906 Gneistius
379 2850 409 2906 in
420 2848 501 2914 libro,
521 2849 569 2919 qui
587 2846 752 2902 inscribitur
769 2847 824 2901 Die
836 2845 984 2901 formellen
996 2837 1126 2919 vertrtge
1141 2848 1190 2901 des
1203 2864 1309 2902 neuern

216 2936 385 2992 Rdmiscben
394 2935 657 3008 obligationsrechts
669 2933 699 2986 iu
707 2931 912 3003 vergleichung
924 2932 974 2985 mit
987 2932 1042 2987 den
1052 2933 1307 3004 geschiftsformeu

216 3026 267 3079 des
285 3023 482 3080 Griechischen
500 3022 603 3088 rochis,
620 3018 745 3076 Berolini
771 3020 848 3088 1845,
865 3034 931 3090 pag.
953 3019 1017 3074 435:
1041 3018 1260 3094 ,ἀνθομολογεῐν
1277 3024 1309 3094 (1)

217 3108 342 3185 [kommt]
369 3109 417 3166 fiir
441 3109 502 3164 eine
535 3105 793 3180 gegenstipulation
822 3105 868 3160 bei
898 3105 1104 3165 Demosthenes
1133 3125 1161 3179 g.
1185 3108 1306 3178 Apatur.

214 3200 274 3255 894.
293 3198 329 3253 24
345 3199 414 3253 vor.‘

284 3285 313 3354 l)
330 3286 355 3340 7.
389 3288 436 3336 καὶ
454 3281 565 3334 τούτων
584 3278 712 3338 δεδωκώς
729 3279 779 3338 sois
796 3286 870 3352 τρεῖς
887 3277 912 3332 8.
949 3276 1062 3337 καὶτοῖς
1079 3287 1153 3352 τρεῖς
1171 3279 1202 3339 ἃς
1219 3302 1307 3348 προ-

218 3369 355 3441 ειλήφει
374 3359 463 3425 οὗτος.

286 3457 316 3526 2)
332 3457 421 3511 uerba
440 3456 471 3526 je
493 3470 537 3508 me
566 3455 601 3508 fis
625 3454 761 3527 subroget
779 3453 927 3509 Darestius
950 3470 1015 3526 psg.
1039 3455 1091 3511 214
1108 3454 1153 3510 bis
1171 3455 1306 3528 explicat:

220 3557 254 3595 en
272 3543 395 3597 d'autres
406 3547 510 3596 termes
529 3545 575 3614 „je
594 3543 710 3598 convins
729 3558 798 3597 avec
810 3542 992 3613 Apatourios‚
1010 3541 1076 3611 quil
1095 3542 1204 3597 devrait
1222 3541 1307 3601 bmoi

220 3644 276 3702 non
294 3627 310 3681 t
323 3617 505 3682 Parmenone
541 3628 609 3682 c'est
626 3646 665 3682 un
677 3629 811 3686 novation
824 3645 877 3699 par
890 3628 1074 3684 substitution
1086 3630 1153 3684 d’un
1165 3630 1309 3687 criencier

219 3714 237 3770 a
258 3731 296 3768 un
315 3720 401 3771 autre.
437 3715 467 3771 la
483 3715 600 3786 plupart
619 3715 668 3769 des
686 3715 853 3787 interpretes
869 3715 1023 3770 entendent
1040 3721 1198 3771 autrement
1216 3718 1307 3774 ἄνθο-

216 3801 446 3874 μολογηοοίμεοοτ.
489 3800 569 3857 selon
593 3819 646 3856 eux
671 3802 698 3856 le
721 3817 786 3856 sens
810 3800 907 3858 serait:
932 3804 976 3874 „je
994 3801 1030 3856 fis
1049 3819 1118 3857 avec
1135 3804 1306 3873 Apatourios

160 3884 163 3888 ’
216 3905 271 3944 une
294 3889 461 3944 conventior
482 3887 650 3959 produisant
676 3889 725 3944 des
749 3886 919 3960 obligations
944 3889 1153 3961 reciproques.“
1190 3889 1260 3944 mais
1278 3893 1306 3945 la

215 3975 356 4048 particule
382 3974 447 4027 ἀντί
469 3976 592 4047 exprime
616 3974 698 4030 l’idee
724 3975 758 4029 de
780 3973 959 4032 substitution
982 3981 1010 4031 et
1038 3993 1094 4032 non
1113 3975 1182 4029 celle
1206 3975 1242 4030 de
1262 3976 1306 4031 re-

215 4061 356 4136 ciprocite.
393 4062 460 4117 c’est
477 4063 548 4116 ainsi
567 4079 621 4134 que
646 4079 718 4119 nous
740 4067 873 4116 trouvons
898 4063 969 4117 daus
988 4061 1181 4118 Demosthene
1206 4062 1305 4136 ἀντεγ-

214 4152 335 4224 γράφειν
354 4165 422 4205 avec
441 4149 468 4205 le
486 4165 552 4209 sens
570 4151 605 4204 de
622 4146 825 4205 transscribere
843 4161 861 4201 a
880 4163 1001 4220 persona
1018 4148 1047 4202 in
1065 4162 1221 4219 personam.
