3060 4658
727 254 939 323 -482-

457 440 503 487 nn
525 438 645 488 vnnnrs
667 439 783 500 nnovn
797 437 983 487 mascam
998 437 1196 488 sravorvsa
1271 425 1274 429 ’

287 525 439 590 dicemus.

371 629 509 694 Ioannes
533 628 698 716 Siggius1)
733 636 820 694 recte
843 628 1072 693 animaduertit
1093 628 1224 692 nomina
1246 627 1379 714 propria

241 728 244 733 ’
289 755 308 796 a
329 730 548 796 Demosthene
569 732 670 799 multo
692 730 838 818 pluribus
860 731 938 798 locis
961 732 1030 797 sine
1045 726 1177 796 articulo
1193 752 1290 816 quam
1306 752 1378 794 cum

288 835 422 901 articulo
455 835 546 921 poni,
581 844 613 900 et
640 835 687 901 ita
713 834 859 922 quidem,
896 844 931 899 ut
960 834 1026 898 fere
1052 834 1198 920 quintum
1229 833 1379 919 quodque

195 1017 200 1024 Ι
286 961 402 1003 nomen
428 937 593 1026 proprium
623 938 757 1004 articulo
787 939 979 1003 instructum
1009 938 1057 1002 sit.
1106 934 1190 1001 hanc
1224 936 1324 1021 igitur
1345 936 1380 1000 in

285 1050 411 1127 partem
433 1041 611 1106 orationem
634 1038 793 1108 aduersus
808 1041 1003 1129 Apaturium
1025 1039 1176 1126 scriptam
1199 1060 1273 1104 cum
1291 1039 1379 1104 ueris

286 1144 516 1210 Demosthenis
531 1143 728 1211 orationibus
746 1146 883 1232 priuatis
895 1146 921 1232 2)
936 1143 1100 1210 contuliet
1086 1143 1178 1208 tuidi
1188 1143 1295 1230 posita
1307 1164 1379 1208 esse

504 1262 996 1384 nominapersonarum)populorum
1005 1266 1008 1383 p
1017 1261 1188 1333 regionume
1189 1261 1379 1344 toppidorum

375 1314 451 1421 'tione
547 1348 610 1387 cum
713 1351 773 1389 eme
839 1350 903 1388 oum
915 1333 918 1405 (
931 1350 991 1386 arne
1070 1348 1133 1386 cum
1194 1330 1198 1404 )
1259 1331 1319 1385 sine

283 1366 375 1420 οη
493 1384 497 1470 )
600 1401 718 1456 articulo
857 1403 976 1456 articulo
1134 1400 1252 1456 articulo

284 1591 489 1678 ΧΧΧνΠ)
500 1494 653 1659 D

284 1695 531 1761 ΧΧΧΧΗΙ
577 1700 596 1824 e

164 1784 167 1789 '
284 1788 654 1866 ΧΧΧΧΠΠἫ

283 1904 437 1969 XXXXI
555 1906 597 1969 26

290 1973 652 2074 —a———An—l--Q

283 2009 419 2094 nuno

283 2113 344 2178 nv

283 2203 486 2297 ΕΧΠΤ

282 2465 490 2472 ..n—Q.—

352 2527 381 2596 1)
399 2525 434 2579 de
453 2525 587 2595 scriptore
599 2517 707 2581 vnouem
734 2524 847 2580 illarum
865 2525 1032 2592 orationum,
1056 2542 1130 2597 quae
1148 2542 1167 2582 a
1184 2524 1375 2583 Demosthene

281 2630 333 2685 pro
353 2613 525 2684 Apollodoro
544 2614 706 2684 conpositae
729 2629 791 2668 esse
818 2612 965 2682 dicuntur,
992 2612 1022 2667 in
1041 2629 1108 2668 ann.
1129 2613 1197 2683 phil.
1216 2614 1306 2686 suppl.
1325 2614 1374 2669 VI.

282 2717 349 2772 pag.
367 2699 419 2755 430
437 2715 532 2768 proxx.

350 2787 378 2856 2)
397 2785 538 2842 orationes
557 2786 702 2851 tutelaris‚
722 2803 793 2858 quas
812 2787 964 2843 admodum
983 2785 1150 2841 adulescens
1169 2788 1373 2842 Demosthenes

283 2870 403 2942 scripsit,
422 2873 607 2928 conferendas
625 2890 683 2928 non
702 2874 781 2928 duxi.
800 2891 865 2930 nam
885 2872 1076 2928 adulescens
1068 2892 1097 2928 m
1115 2873 1264 2928 scribendo
1281 2873 1373 2928 minus

281 2959 410 3013 stabilem
428 2960 556 3031 regulam
575 2961 710 3032 sequitur

349 3047 376 3116 3)
398 3046 549 3119 Siggiusl.
568 3047 603 3101 cl
623 3063 687 3117 pag.
706 3048 766 3103 401.
784 3046 926 3102 XXXVII
945 3047 1102 3103 orationem
1123 3053 1152 3103 et
1168 3046 1325 3104 XXXVIII
1345 3052 1373 3101 et

280 3132 448 3188 XXXVIIII
475 3139 505 3187 et
527 3131 657 3187 XXXXI
687 3138 715 3187 et
740 3133 794 3190 LV
820 3150 839 3187 a
861 3133 1052 3190 Demosthene
1076 3136 1184 3190 alienas
1209 3136 1271 3189 esse
1296 3133 1373 3190 dicit.

280 3219 349 3274 mihi
368 3219 481 3290 quidem
500 3236 584 3274 uerae
610 3223 676 3274 sunt
697 3220 768 3275 istae
787 3220 941 3292 orationes,
969 3222 1035 3279 dum
1061 3239 1089 3277 u.
1114 3221 1290 3276 doctissimus
1309 3237 1372 3291 sup

279 3307 386 3376 positas
401 3323 449 3361 eas
458 3323 519 3363 esse
533 3308 706 3378 argumentis
713 3306 939 3379 conprobauerit.
966 3308 1132 3364 Gottholdus
1142 3313 1236 3360 autem
1245 3306 1372 3377 Krueger

281 3393 310 3445 in
331 3392 527 3448 dissertatione
546 3396 727 3450 decretione
750 3396 925 3464 exceptoria,
952 3411 1036 3466 quam
1059 3394 1155 3449 ferunt
1177 3399 1277 3447 contra
1295 3393 1371 3447 Pan-

280 3483 423 3533 taenetum
436 3481 581 3550 scripsisse
593 3481 821 3548 Demosthenem,
840 3483 921 3536 Halia
934 3481 999 3537 Sax.
1013 3483 1088 3547 1876,
1108 3480 1155 3551 qui
1168 3497 1194 3533 u.
1215 3480 1241 3534 d.
1260 3481 1371 3536 duabus

277 3563 337 3619 fere
355 3566 467 3637 paginis
486 3568 531 3637 (26
550 3573 581 3622 et
594 3571 640 3639 27)
662 3575 720 3623 tam
738 3569 881 3623 difficilem
899 3570 1091 3639 quaestionem
1108 3565 1262 3622 dissoluere
1285 3583 1370 3622 ansus

278 3657 330 3719 est,
347 3653 418 3707 nihil
435 3655 563 3724 profecit.
599 3656 773 3711 incredibilis
792 3656 931 3726 quaedam
951 3655 980 3709 in
998 3652 1095 3709 libello
1112 3653 1253 3709 istcinest
1269 3654 1370 3709 leuitas

277 3744 305 3793 et
323 3740 451 3794 celeritas
470 3742 642 3814 disputandi.

346 3826 376 3890 4)
393 3827 503 3899 Siggius
523 3831 556 3885 67
575 3830 690 3884 nomina
707 3830 822 3902 propria
838 3831 868 3883 in
886 3828 940 3882 hac
961 3827 1087 3883 oratione
1106 3828 1198 3884 inesse
1219 3828 1297 3899 dicit,
1316 3829 1367 3883 sed

275 3927 328 3967 nee
348 3914 480 3983 Θεότιμός
498 3937 540 3973 τις
557 3918 595 3988 (7)
614 3932 668 3971 nec
678 3915 805 3983 Βάκχιόν
822 3937 887 3969 τινα
901 3915 958 3984 (39)
975 3931 1028 3968 nec
1045 3916 1080 3968 τὰ
1096 3915 1230 3969 Ἑκαταῖα
1243 3916 1300 3986 (89)
1317 3931 1369 3970 nec

277 4000 444 4069 Tprssdtlovs
461 4004 519 4073 (39)
539 4005 643 4075 quippe
661 4004 737 4074 quod
750 4003 945 4074 praedicatum
958 4003 1004 4071 sit,
1022 4003 1189 4076 noctipetas
1207 4000 1300 4073 πάγον
1313 4004 1367 4071 (25.
1438 4044 1441 4051 »

274 4089 321 4160 28)
339 4089 395 4144 huo
413 4089 516 4144 referri
533 4096 659 4161 possunt.

342 4178 371 4248 ὁ)
390 4177 544 4232 orationem
563 4177 645 4232 LVII
664 4175 863 4233 Demosthenis
888 4193 950 4232 esse
975 4177 1089 4250 Sigghrs
1113 4176 1131 4230 l.
1156 4175 1191 4233 cl.
1217 4192 1282 4250 pag.
1307 4178 1369 4232 401.

273 4269 330 4318 not.
345 4265 362 4319 3
380 4270 409 4318 et
420 4263 546 4319 Blassius
558 4264 576 4320 1.
590 4264 624 4319 cl.
638 4281 704 4338 pag.
720 4265 770 4320 431
784 4281 888 4336 prora,
908 4282 964 4321 non
977 4266 1065 4321 inuito
1080 4263 1147 4319 mihi
1159 4268 1367 4337 persuaserunt.
