3060 4658
629 239 839 302 ,29-

194 405 292 471 uerbo
311 406 380 470 siue
395 407 551 486 scriptura
565 407 670 474 faetus
686 418 742 487 est,
765 409 1002 495 significaturll.
1045 429 1141 495 quam
1156 407 1279 474 obrem

193 510 373 575 Damonem
401 508 502 574 uerba
532 511 590 576 καὶ
618 513 691 598 περὶ
720 507 767 576 ὦν
793 502 837 578 ἂν
863 504 925 577 ὦσι
945 513 1136 600 συγγραφαί
1158 531 1217 575 sua
1237 534 1278 576 ex

192 621 299 677 mente
315 611 478 678 addidisse
492 613 751 694 existimauerim,
772 614 806 679 id
820 614 906 700 quod
921 612 1069 678 facillime
1083 613 1151 678 lieri
1164 615 1278 702 potuit,

194 717 272 802 quia
300 716 414 781 litteris
443 717 628 801 eonsignari
656 727 839 784 contractus
859 716 996 783 Athenis
1018 725 1085 781 tum
1108 717 1176 782 fere
1198 717 1276 782 sole·

191 817 312 904 banse).
362 839 474 884 uerum
505 821 540 885 in
561 819 700 906 Apaturi
728 843 846 887 caussa
866 829 1048 887 contractus
1070 822 1277 887 mereatorius

192 943 352 1009 nusquam
382 925 532 991 eernitur.
590 925 734 1010 priuatas
765 925 849 989 enim
878 945 1010 989 caussas
1031 922 1213 989 Parmenon
1244 931 1277 989 et

191 1026 370 1111 Apaturius
393 1025 522 1091 arbitris
545 1026 757 1092 diudieandas
775 1027 1017 1092 mandauerant.
1061 1026 1277 1092 Parmenonte

192 1151 271 1194 uero
294 1131 329 1193 in
351 1150 466 1194 caussa
480 1130 610 1216 priuata
624 1129 775 1196 damnate
791 1129 969 1217 Apaturius
985 1128 1026 1193 ab
1042 1137 1159 1212 actore,
1182 1152 1276 1216 quem

193 1232 339 1298 damnati
352 1232 506 1319 praedem
521 1254 591 1297 esse
606 1231 742 1307 dicebat,
764 1233 865 1320 petiit,
883 1241 919 1297 ut
933 1232 1066 1296 multam
1082 1231 1145 1296 sibi
1160 1232 1274 1298 dissol-

190 1345 288 1401 ueret.
341 1333 428 1421 quod
457 1335 484 1398 si
511 1334 694 1401 Parmeuen
721 1335 913 1401 mereatoris
945 1333 1071 1399 actione
1106 1333 1276 1400 damnatus

194 1450 285 1520 esset,
306 1440 375 1504 iure
389 1438 567 1524 Apaturius
590 1441 690 1504 aeteri
708 1437 797 1504 litem
811 1439 1034 1503 mercatoriam
1050 1437 1090 1502 de
1106 1441 1276 1523 sponsione

190 1541 356 1607 intendere
381 1550 522 1628 poterat:
551 1542 606 1628 qui
635 1551 742 1608 autem
770 1543 814 1622 is,
844 1542 899 1626 qui
928 1540 1067 1606 huminis
1094 1562 1115 1604 a
1136 1539 1277 1605 diaeteta

110 1678 112 1681 ·
189 1647 319 1733 priuata
335 1645 479 1710 damnati
493 1666 588 1730 praes
604 1652 682 1720 erat,
703 1645 896 1709 mercatoria
910 1645 1036 1708 actione
1052 1643 1276 1731 desponsione

190 1751 337 1814 accusari
365 1749 519 1836 potuerit,
548 1747 582 1812 id
612 1770 665 1814 me
691 1769 821 1834 prorsus
843 1770 909 1814 uon
929 1745 1115 1832 intellegere
1136 1749 1276 1831 ingenue

191 1852 304 1918 fateor.
352 1873 417 1939 qua
445 1873 480 1915 re
501 1851 652 1917 Platnero
683 1851 830 1938 equidem
859 1851 1009 1916 assentiri
1040 1871 1104 1915 nou
1135 1873 1277 1938 possum,

259 2075 409 2149 [XXXIII]
456 2077 481 2131 l.
515 2081 696 2148 τῷίμπορίφ
714 2076 730 2142 ἢ
748 2072 867 2129 ἐνθίνδε
885 2094 936 2129 ποι
950 2073 1112 2140 nuenarii
1132 2075 1276 2144 ἑτίρωθιν

258 2249 392 2321 [XXXII]
458 2252 481 2305 l.
515 2249 647 2317 θήυηθευ
665 2159 931 2318 συμβολαίαλλυλλὶ.
966 2294 972 2305 .
1139 2291 1145 2301 .
1182 2289 1188 2301 .
1225 2290 1230 2299 .

843 2342 908 2408 περὶ
927 2328 967 2392 ὧν
984 2337 1021 2390 ἂν
1042 2329 1095 2389 ὦσι
1111 2340 1276 2407 συγγραφαί.

260 2422 422 2498 [XXXIIII]
436 2425 479 2478 42.
506 2421 610 2489 θήνησι
620 2429 667 2476 καὶ
678 2424 715 2479 εἰς
727 2424 759 2476 τὰ
771 2424 932 2489 Ἀθηναίων
939 2424 1078 2493 ἐμπόριον
1087 2427 1135 2474 καὶ
1145 2422 1176 2474 οὓ
1184 2421 1276 2489 μόνον

770 2516 829 2563 τῶν
841 2508 1003 2577 Ἀθήνησιν,
1022 2508 1090 2562 ἀλλὰ
1108 2514 1155 2561 καί
1174 2506 1221 2562 o‘r‘u'
1239 2507 1276 2560 ἂν

261 2593 390 2665 [XXXV]
443 2597 486 2652 37.
522 2593 701 2665 συμβολαίων
754 2639 760 2651 .
797 2637 803 2650 .
840 2628 851 2649 ,ν
882 2635 1273 2652 ..........

262 2731 406 2807 [XXXIII]
456 2735 480 2787 i.
516 2739 565 2787 καί
581 2740 640 2792 τοῖς
658 2732 786 2790 α’δικοῦσι
804 2731 906 2801 δεσμὸν
923 2733 1001 2795 ἔταξε
1017 2733 1206 2803 τοῦπιτίμιον,
1224 2738 1276 2790 ἕως

556 2827 560 2835 ’
834 2818 871 2872 ἂν
889 2825 1041 2881 εκτίσωσιν,
1062 2819 1110 2873 ὅτι
1127 2819 1162 2872 ἂν
1181 2819 1275 2873 adnuis

150 3069 155 3078 .
260 2902 418 3063 lintis
431 2905 477 3046 l:
509 2945 721 3063 ...και
740 2948 946 3046 ...αα
963 2946 1102 3058 ..αα
1137 2947 1144 3046 t
1180 2947 1186 3044 ;
1224 2946 1274 3047 ῑ;

259 3144 408 3214 [ΧΧΧΙΙΙ]
451 3147 475 3199 1.
511 3147 710 3220 καταγνωσθῇ.
744 3147 781 3212 2,
794 3150 852 3204 τοῖς
864 3144 971 3219 disrupi
988 3153 1045 3202 τῶν
1061 3148 1098 3216 μὴ
1114 3152 1274 3217 γενομένων

820 3233 1001 3303 συμβολαίων
1019 3234 1057 3291 εἰσ
1074 3240 1167 3308 κρίσιν
1185 3236 1272 3287 καθί-

259 3312 390 3388 [XXXlI]
453 3317 477 3369 1.
525 3357 531 3369 .
567 3357 573 3373 .
610 3358 616 3371 .
654 3357 660 3370 .
696 3360 702 3372 .
739 3318 805 3371 ,ἂν
822 3315 854 3373 δι’
869 3320 998 3391 τιςπαρᾶ
1017 3328 1107 3376 ταῦτα
1118 3318 1274 3388 δικάζηται,

294 3416 298 3425 ’
769 3405 806 3473 μὴ
826 3407 1014 3481 εἰσαγώγιμον
1032 3408 1169 3475 εἶναιτὴν
1186 3405 1274 3474 δίκην.
1304 3394 1320 3413 ⁸

259 3485 415 3560 [XXXIIII]
452 3488 477 3543 4.
525 3529 746 3546 ......
781 3492 852 3566 ὑπὲρ
875 3492 934 3548 ταῖν
957 3496 995 3563 μὴ
1020 3501 1181 3570 γενομένων
1204 3493 1273 3551 dim

751 3579 929 3647 συμβολαίων
946 3582 1080 3649 Ἀθήνησι
1096 3579 1163 3652 μηδ’
1184 3583 1221 3638 εἰς
1238 3583 1272 3636 τὸ

259 3707 400 3785 [XXXIII]
449 3714 474 3767 2·
492 3717 638 3782 θυομένοις
650 3718 697 3769 ἐπὶ
709 3717 761 3783 τὴν
773 3721 958 3792 παραγραφὴν
970 3718 1156 3792 καταφεύγειν
1167 3714 1273 3775 ἔδωκεν

1146 3827 1272 3876 ονομαι.

261 3876 420 3954 [ΧΧΧΙῙΙΙ]
431 3885 455 3937 4.
489 3885 649 3950 Ἀθηναίων
666 3889 804 3961 ἐμπόριον
822 3892 1064 3962 παραγράφεσθαι
1081 3888 1245 3947 δεδοίκασιν.

259 3971 285 4037 1)
303 3968 339 4022 ef.
359 3968 468 4023 Gueisti
489 3968 559 4024 liber
585 3971 634 4043 qui
656 3973 817 4030 inscribitur
836 3975 881 4029 die
901 3975 1045 4031 formellen
1068 3980 1198 4050 vertige
1221 3980 1271 4034 des

189 4067 293 4109 neuern
311 4051 482 4110 Riimisehen
500 4055 761 4130 obligationsreehts
776 4067 838 4129 est,
856 4059 1069 4133 Beroliui1845,
1088 4080 1153 4137 pag.
1167 4066 1227 4121 435.
1244 4071 1273 4137 6,

188 4145 217 4196 et
228 4141 354 4216 Philippi
366 4143 511 4212 symbolae
529 4145 567 4198 ad
580 4145 736 4200 docuinam
754 4146 822 4200 iuris
833 4147 927 4216 Attici,
944 4148 1060 4220 Lipsiae
1073 4150 1149 4220 1871,
1166 4166 1232 4222 pag.
1246 4153 1264 4206 ὃ
1308 4192 1313 4201 .

256 4231 284 4303 2)
303 4232 338 4286 ef.
358 4229 465 4285 Gneist.
483 4244 550 4303 pag.
566 4232 626 4287 421.
643 4227 681 4285 II.
