3060 4658
667 196 856 261 ..5...

215 372 324 455 puteum
352 371 416 452 epi
467 365 553 435 dicei
580 366 696 454 aliquia
727 367 797 435 ueri
827 367 931 439 simile
959 386 1031 441 elec
1059 368 1309 441 Parmenonem

215 473 338 560 pariter
363 478 463 557 etque
490 470 686 560 spatarium
715 471 820 541 ciuem
850 471 1008 541 arbitrum
1035 473 1098 543 sini
1122 476 1310 561 cumprime,

215 584 252 643 ut
274 592 378 663 aequa
398 574 564 659 litigantes
580 583 746 643 uterentur
767 574 964 645 condicione
1009 587 1044 645 at
1064 577 1127 645 hoc
1139 580 1309 666 argumen-

214 689 284 745 tum
306 700 402 765 quern
424 677 583 749 lubricum
605 678 648 745 sit
667 699 763 746 nemo
784 701 849 747 non
871 679 969 749 uidet

305 803 389 868 quse
409 800 484 851 eum
505 783 553 849 ita
574 783 654 865 sint,
683 780 834 851 omuibus
854 783 952 855 rebus
973 786 1140 873 perpensis
1161 783 1243 851 nihil
1262 785 1309 849 in·

217 887 311 955 uenio
334 906 392 955 eur
408 884 584 953 Sohaefero
606 886 847 955 assentiendum
867 889 919 971 sit,
938 908 1137 978 quamquam
1156 909 1241 975 quse
1261 895 1312 953 eat

214 991 351 1078 penuria
364 997 636 1075 mgumentorum,
659 1010 700 1057 ne
721 989 801 1057 illud
823 991 952 1076 quidem
973 1015 1032 1080 pro
1054 1000 1143 1063 certe
1155 990 1311 1061 offirmari

214 1101 331 1182 potest,
352 1093 459 1161 ciuem
479 1092 580 1161 fusas
603 1101 754 1163 sororem

301 1197 342 1265 de
356 1195 518 1286 Apaturio
528 1196 565 1284 ¹),
586 1197 640 1265 cui
657 1197 805 1284 exceptio
827 1197 952 1267 intenta
966 1207 1024 1280 sn,
1045 1198 1126 1269 nihil
1139 1196 1310 1267 duonum

217 1307 268 1368 eet
296 1300 360 1369 nisi
388 1299 467 1370 hcc:
499 1309 712 1369 mercatorem
740 1300 938 1388 Byzantium
966 1323 1041 1368 eum
1069 1302 1180 1371 fuisse.
1227 1322 1310 1388 quae

219 1403 305 1469 onim
326 1410 495 1491 praeterea
516 1403 680 1475 menende
704 1411 789 1487 eunt,
820 1422 879 1471 sua
900 1414 1015 1493 sponte
1035 1405 1071 1475 in
1091 1405 1218 1491 relique
1237 1427 1310 1475 nau

217 1508 342 1575 ratione
364 1515 541 1575 occurrent.
1264 1495 1267 1500 ’

299 1610 370 1677 Iam
385 1632 463 1678 uero
481 1631 600 1677 causeo
613 1631 697 1697 quae
720 1612 762 1678 eit
776 1609 994 1697 uideamus²lt
1016 1613 1111 1679 tertio
1127 1598 1211 1680 anno
1234 1621 1310 1679 ante

217 1736 316 1803 quam
338 1715 486 1802 exceptio
507 1715 633 1781 intenta
647 1721 706 1798 est,
726 1714 906 1803 Apaturius
926 1713 980 1780 ille
1001 1725 1033 1781 ot
1047 1714 1231 1783 Purmeuon
1245 1716 1311 1803 By·

217 1819 357 1903 zantius,
377 1819 432 1905 qui
446 1826 556 1885 umen
570 1825 638 1885 tum
658 1814 752 1883 exsul
761 1818 788 1903 8)
803 1815 953 1906 Ophryni
974 1818 1171 1886 domicilium
1185 1818 1309 1897 habuit,

217 1922 356 1991 Athenis
378 1922 422 1989 ad
443 1928 586 1989 actorem
615 1920 736 1987 adeunt
757 1921 800 1987 ab
827 1942 929 2009 eoque
954 1930 1084 2010 petunt,
1114 1931 1150 1989 ut
1170 1923 1310 2010 Apaturi

217 2025 394 2093 calsmitoti
423 2032 598 2091 succurrat.
642 2022 694 2091 hic
723 2024 809 2091 enim
831 2025 909 2091 naui
940 2025 1153 2113 oppignerata
1173 2025 1310 2093 XXXX

216 2129 322 2195 minas
338 2127 458 2210 debuit,
479 2130 509 2195 ei
532 2135 640 2194 eutem
655 2129 712 2214 qui
732 2127 946 2210 crediderent,
967 2148 1042 2195 cum
1064 2127 1133 2194 dies
1155 2129 1309 2198 soluendo

215 2234 391 2300 constituta
419 2233 642 2321 praeterisset,
675 2231 800 2298 fortiter
833 2233 1004 2322 pecuniam
1032 2233 1245 2320 reposcebant
1277 2244 1310 2300 et

215 2358 341 2417 nauem,
363 2344 399 2402 ut
421 2336 509 2421 leges
524 2333 793 2423 concedebsnt⁴),
815 2335 878 2402 sibi
897 2334 1153 2416 uindicabante.
1197 2359 1307 2424 quam

216 2462 314 2528 quem
342 2461 426 2528 quae
448 2441 645 2527 Apaturius,
676 2446 713 2503 ut
740 2441 859 2505 actoris
887 2438 1142 2505 misericordium
1170 2451 1310 2523 moueat,

216 2554 329 2611 narrat
356 2543 531 2610 creditores
566 2544 661 2609 nauis
695 2543 872 2629 cupiditate
906 2542 1053 2631 inpulsos
1080 2543 1309 2611 existimationi

216 2670 294 2716 suae
314 2649 349 2714 in
374 2647 516 2735 emporio
531 2645 721 2728 obtrectare,
742 2647 870 2732 nequis
886 2646 947 2712 sibi
968 2647 1140 2732 pecuniam
1162 2655 1308 2713 mutuam

287 2910 313 2970 1)
330 2923 432 2962 nomen
451 2904 598 2961 aduersari
610 2906 709 2960 notum
727 2909 769 2959 est
786 2921 820 2958 ex
833 2900 874 2977 ξς
887 2905 912 2958 3.
930 2904 955 2959 4.
974 2904 999 2959 9.
1020 2904 1061 2959 16.
1080 2900 1122 2959 22.
1142 2904 1186 2958 28.
1204 2902 1246 2959 35.
1265 2902 1308 2959 et.

285 2995 314 3065 2)
332 2994 367 3048 cf.
385 2996 417 3065 ᾗ)
435 2994 512 3049 5-8ς

286 3081 317 3151 3)
335 3080 474 3136 Libanins
491 3080 521 3133 in
534 3083 702 3152 argumento
719 3092 787 3149 pag.
804 3077 856 3132 891
872 3072 1090 3131 Parmenoniem
1107 3076 1198 3149 φυγὴν
1215 3082 1245 3130 ta
1263 3085 1310 3144 τῆς

218 3164 354 3240 πατρίδος
377 3163 623 3223 εαταὸσδικιῖαθαι
645 3165 683 3221 ad
707 3163 837 3220 exsilium
860 3180 878 3217 u
902 3163 1043 3223 iudicibus
1064 3163 1228 3223 mutum
1246 3180 1309 3221 ecte

217 3257 265 3313 ait
304 3255 359 3313 hoc
382 3261 461 3311 recte
485 3252 592 3309 dietum
621 3252 657 3307 sit
681 3265 771 3307 necne
802 3249 941 3309 diudicuri
963 3250 1070 3323 nequit
1109 3252 1309 3323 grammaticus

218 3345 291 3401 enim
315 3344 365 3399 ille
390 3342 450 3399 sine
475 3339 562 3397 dubio
585 3354 659 3410 quae
682 3339 753 3393 dixit
779 3355 814 3392 ex
837 3337 972 3394 orationis
994 3337 1089 3392 uerbis
1106 3338 1150 3394 his
1175 3342 1263 3415 poyeio
1280 3338 1306 3394 δ’

218 3432 332 3484 ἐκεῖθεν
348 3430 390 3502 (5)
407 3424 552 3484 conclusit.
587 3441 657 3480 uoce
676 3427 763 3501 φυγάς
784 3430 879 3483 eutem
897 3423 981 3480 etiam
1005 3424 1029 3479 is
1049 3424 1190 3498 designari
1207 3432 1310 3499 potest,

221 3517 269 3587 qui
286 3521 336 3572 aut
347 3514 429 3583 ultro,
449 3518 631 3586 anteaquam
648 3511 783 3570 indicium
800 3509 860 3582 fiat,
878 3512 908 3566 in
922 3510 1052 3569 exsilium
1070 3510 1139 3581 abit,
1158 3516 1208 3568 snt
1224 3512 1309 3570 rebus

220 3603 349 3658 ciuilibus
366 3601 540 3674 perturbatis
558 3616 610 3656 sua
627 3605 727 3673 sponte
744 3599 866 3669 patriam
887 3599 1027 3671 relinquit

290 3690 316 3760 4)
336 3689 372 3745 ci.
385 3689 483 3744 Meieri
496 3693 526 3742 et
535 3686 723 3744 Schoemanni
735 3685 806 3741 liber
819 3687 854 3741 de
863 3685 960 3745 litibus
967 3684 1068 3741 Atticis
1075 3703 1142 3759 pag.
1150 3688 1203 3747 ωδ
1210 3703 1308 3758 proxr.

288 3777 317 3845 is)
333 3776 410 3848 qued
426 3774 576 3835 Dercetius
592 3774 611 3831 l.
629 3776 663 3833 el.
684 3773 762 3831 dicit:
780 3772 809 3830 le
825 3778 913 3829 terme
930 3773 1002 3831 etait
1019 3772 1092 3833 echu
1111 3778 1141 3829 et
1158 3789 1214 3828 ses
1232 3776 1308 3828 ore·

217 3862 360 3919 enciens
376 3862 409 3921 le
430 3862 719 3932 poursvivaient,
732 3861 787 3919 lucc
799 3877 858 3919 nou
868 3860 1010 3933 intellego.
1041 3877 1082 3917 sn
1091 3859 1196 3917 uirille
1209 3860 1309 3917 doctus

218 3947 358 4023 cogitauit
374 3948 543 4020 deuotione,
559 3964 644 4021 quam
655 3949 810 4005 creditores
821 3945 961 4018 Apaturio
973 3945 1180 4005 intendissent?
1197 3944 1309 4003 actione

217 4043 314 4097 sutem
337 4052 409 4107 opus
430 4051 488 4092 non
510 4040 580 4093 erat.
620 4036 723 4097 etenim
741 4034 810 4106 quis
834 4032 916 4093 uenis
938 4033 1127 4106 oppignerata
1149 4037 1226 4102 erse,
1249 4049 1308 4087 ore-

219 4125 370 4193 ditoribus,
397 4128 430 4183 ut
454 4122 576 4196 primum
605 4123 665 4179 dies
691 4121 828 4179 soluendo
855 4119 1010 4177 constituta
1035 4118 1232 4192 pmeterlepsa
1259 4124 1308 4186 est,

218 4229 319 4275 nuuom
337 4210 483 4271 uendendi
499 4210 544 4269 ius
561 4215 632 4267 erat
668 4207 705 4265 ci
723 4208 821 4265 lleier.
840 4208 864 4264 ts
882 4206 1009 4265 Schoen.
1025 4207 1044 4263 1.
1064 4205 1099 4262 cl.
