3060 4658
363 243 838 433 ·wszX3

188 500 231 547 ex
257 477 365 543 animo
387 481 444 542 tuo
466 475 567 541 euclsi
587 485 690 551 erunt,
719 491 794 542 cum
815 498 837 541 a
858 473 1031 539 Benselero
1042 473 1068 559 ¹)
1090 473 1282 558 cognoueris

189 579 351 646 uocalium
372 578 600 644 concursiones
622 578 748 666 ,quibus
771 579 799 643 si
821 577 954 644 crebrae
970 584 1054 659 sunt,
1075 585 1169 643 uasta
1184 585 1281 662 atque

94 705 99 711 ·
187 682 282 747 hians
318 681 421 748 oratio
456 681 636 768 efficitur‘l)
667 702 827 767 nusquam
856 682 899 747 ab
930 680 1085 768 scriptore
1123 680 1279 746 orationis

188 784 342 851 XXXIII
377 806 449 850 esse
477 786 606 851 uitatas.
658 784 753 872 quid?
796 806 874 853 num
903 782 1055 850 credibile
1085 791 1135 848 est
1161 782 1280 848 Demo·

191 888 352 971 sthenem,
380 909 476 974 quem
508 895 669 953 oratorem
708 887 864 969 ‚crebram
894 909 1009 954 uocum
1039 887 1282 953 concursionem

190 1012 311 1075 magna
341 1012 382 1055 ex
411 998 503 1078 parte
532 1000 568 1056 ut
589 990 740 1056 uitiosam
762 991 894 1076 fugissc‘
915 991 959 1056 Μ.
981 990 1106 1055 Tullius
1128 997 1207 1055 orat.
1229 989 1283 1055 44.

193 1095 271 1175 151,
300 1102 332 1159 et
360 1095 404 1159 Μ.
425 1092 550 1158 Fabius
573 1092 791 1175 Quintilianus
821 1095 920 1161 instit.
946 1102 1026 1160 orat.
1049 1092 1157 1158 VIIII.
1180 1092 1210 1172 4,
1233 1091 1285 1169 36,

191 1196 365 1263 memoriae
386 1196 565 1285 prodidere,
592 1218 670 1261 num
691 1196 844 1261 credibile
861 1201 916 1260 'est
935 1196 1067 1283 inquam
1091 1196 1227 1261 eundem
1250 1195 1286 1258 in

192 1299 379 1366 XXXVIII
400 1298 616 1386 paragraphis
638 1337 678 1348 -
694 1300 842 1371 totenim
855 1298 959 1365 oratio
973 1298 1127 1364 XXXIII
1143 1300 1287 1364 continet
1369 1302 1374 1306 ’

192 1440 234 1451 -
264 1426 330 1469 non
359 1404 465 1466 minus
493 1399 624 1467 CXIIII
654 1412 688 1467 ct
716 1404 926 1484 gramssimos
954 1401 1122 1468 admisisse
1151 1398 1285 1465 hiatus?

196 1528 261 1571 non
283 1514 391 1591 potest
412 1505 473 1568 hoc
495 1506 640 1588 cogitari,
662 1527 728 1570 non
750 1514 866 1591 potest.

280 1609 351 1673 Iam
380 1609 446 1671 iam
475 1606 548 1671 finis
571 1606 774 1694 inponendus
802 1615 852 1671 est
880 1606 955 1670 huic
984 1607 1090 1694 capiti
1145 1604 1286 1669 uidimus

194 1719 302 1774 autem
327 1709 429 1774 multa
451 1708 552 1774 uerba
573 1707 809 1796 uerborumque
831 1717 1023 1790 structuras,
1053 1729 1136 1795 quac
1157 1708 1191 1771 in
1214 1729 1285 1772 ora-

145 1871 146 1875 ,
193 1813 282 1878 tione
305 1812 461 1878 aduersus
484 1797 676 1900 Apaturium
701 1812 821 1897 scripta
842 1819 988 1893 exstant,
1016 1834 1036 1876 a
1058 1809 1287 1876 Demosthenis

193 1937 313 2000 genere
335 1915 444 1980 aliena
466 1937 546 1995 esse,
575 1915 791 1981 intelleximus
813 1915 1037 1981 admirandam
1059 1914 1146 1979 illam
1168 1914 1234 1977 uim
1258 1923 1292 1978 et

198 2018 334 2105 copiam,
357 2038 421 2104 qua
442 2018 671 2085 Demosthenis
694 2021 854 2084 orationes
870 2019 1017 2107 priuatae
1032 2017 1201 2095 excellunt,
1222 2017 1291 2081 fere

195 2142 356 2207 nusquam
386 2122 487 2201 cerni,
517 2121 727 2206 cognouimus
758 2121 895 2207 denique
920 2122 1173 2208 conpositionem
1194 2119 1290 2205 plane

196 2223 376 2308 neglectam
398 2246 478 2292 esse.
521 2226 598 2311 quid
628 2224 724 2290 uoltis
755 2223 915 2311 amplius?
966 2224 1019 2287 cui
1040 2225 1170 2289 tandem
1192 2224 1290 2288 etiam

197 2349 283 2392 nunc
305 2326 439 2392 dubium
461 2350 531 2392 esse
553 2337 668 2416 potest,
691 2330 769 2414 quin
791 2327 893 2392 oratio
916 2326 1073 2391 aduersus
1095 2326 1291 2411 Apaturium

198 2428 312 2495 habita
334 2452 458 2495 summo
480 2432 549 2495 iure
572 2429 824 2496 aDemosthene
847 2428 1032 2494 abiudicata
1054 2428 1119 2493 sit?
1163 2428 1293 2514 quodsi

200 2533 270 2618 quis
285 2535 468 2619 quaesierit
490 2555 509 2598 a
524 2555 664 2620 quonam
681 2533 835 2618 scriptore
851 2532 1029 2617 composita
1043 2552 1114 2596 esse
1128 2529 1291 2594 uideatur:

200 2633 242 2699 ab
264 2634 463 2723 logographo
486 2659 556 2702 sam
579 2658 645 2700 non
661 2657 681 2698 a
692 2634 820 2697 rhetore
835 2655 905 2698 esse
921 2634 1073 2722 scriptam
1088 2635 1292 2722 perspicuum

200 2748 265 2804 est:
287 2761 364 2804 nam
385 2747 418 2805 et
439 2760 522 2825 quae
543 2761 596 2803 res
618 2760 657 2803 ea
669 2745 843 2801 narrantur
857 2746 889 2800 et
904 2745 1116 2824 exponuntur,
1138 2757 1196 2800 eae
1211 2734 1294 2799 diffi-

107 2898 110 2905 .
201 2839 337 2906 cillimae
367 2850 456 2922 sunt,
488 2841 545 2905 uix
574 2848 610 2904 ut
637 2840 759 2904 rhetori
787 2838 849 2904 hoc
871 2847 982 2926 aptum
1004 2840 1046 2903 sit
1067 2840 1173 2903 uisum
1196 2858 1294 2920 argu-

201 2953 361 3026 mentum,
391 2943 478 3030 quod
507 2952 577 3008 arte
606 2965 666 3008 sua
688 2943 870 3022 illustraret,
892 2949 925 3006 et
947 2941 1073 3007 dicendi
1096 2961 1198 3023 genus
1221 2941 1295 3003 sim-

205 3046 320 3133 plicius
334 3045 473 3110 ieiunius
489 3046 638 3128 frigidius
653 3055 711 3126 est,
726 3065 823 3130 quam
838 3054 874 3109 ut
887 3044 1079 3109 rhetoricam
1095 3041 1297 3129 disciplinam

202 3138 357 3214 redoleat.
410 3146 496 3232 quod
524 3169 601 3213 uero
625 3147 814 3233 Schaeferi)
837 3147 919 3211 dixit
940 3145 1170 3232 Blassioque4)
1191 3165 1296 3230 paene

201 3249 364 3337 persuasit
386 3249 562 3314 orationem
577 3233 730 3315 XXXIII
755 3248 796 3314 ab
819 3249 930 3315 eodem
945 3250 1101 3337 scriptore
1116 3248 1296 3314 confectam

203 3374 275 3418 csse
297 3360 395 3438 atque
417 3349 587 3416 XXXIIII
611 3353 789 3418 orationem
811 3360 843 3416 et
864 3350 952 3436 LVI,
975 3351 1036 3418 bac
1059 3353 1099 3418 de
1120 3373 1155 3416 re

668 3455 740 3535 ,alio
763 3454 832 3535 die‘.

275 3643 304 3712 1)
322 3642 357 3695 de
368 3642 448 3696 hiatu
466 3638 496 3692 in
515 3640 674 3695 crateribus
685 3640 789 3694 Atticis
809 3645 838 3695 at
849 3640 987 3696 historicis
1000 3632 1126 3706 Graecis,
1143 3636 1298 3706 I'ribergae

204 3727 283 3793 1841,
299 3743 367 3800 pag.
386 3728 437 3783 135
452 3742 531 3797 prox.
728 3762 731 3767 ι

275 3813 304 3882 2)
321 3812 451 3869 cornihe.
469 3812 539 3867 rhet.
558 3812 597 3868 ad
614 3813 736 3868 Herenn.
756 3813 822 3868 1111.
843 3815 882 3879 12,
902 3813 944 3867 18.
1019 3808 1023 3816 '

275 3898 304 3968 3)
321 3899 340 3953 l.
359 3900 393 3955 cl.
412 3915 478 3972 pag.
496 3899 557 3954 314.
1346 3966 1348 3970 ,

276 3985 304 4054 4)
322 3982 358 4041 ci.
376 3983 481 4055 liblde
499 3985 657 4040 Atticorum
674 3984 838 4056 eloquentia
859 3983 915 4040 uel.
940 3982 986 4039 111.
1007 3985 1020 4037 1
1040 3999 1106 4055 pag.
1124 3983 1176 4038 424
1193 3985 1221 4035 et
1239 3982 1301 4039 425.

649 4176 856 4190 m
