3060 4658
686 1037 838 1134 Caput
863 1040 891 1113 Ι.

288 1219 341 1285 De
363 1233 500 1301 caussa,
524 1236 612 1300 quae
635 1222 673 1286 in
695 1223 857 1289 oratione
880 1222 1051 1288 aduersus
1072 1220 1287 1303 Apaturlum

513 1324 649 1406 scripta
669 1326 876 1403 enarratur,
899 1325 1070 1411 agitur1).

332 1448 477 1577 Antea
498 1534 595 1597 quam
610 1513 654 1577 ad
675 1514 781 1600 ipsam
796 1536 946 1580 caussam
962 1512 1163 1590 accedamus,
1186 1510 1226 1574 de
1240 1509 1342 1576 homi·

248 1615 344 1681 nibus
368 1615 423 1700 qui
445 1615 479 1680 in
500 1613 563 1679 hac
585 1616 730 1682 oratione
751 1627 862 1704 partes
883 1626 985 1702 agunt
1009 1615 1121 1703 paucis
1144 1633 1344 1698 exponamus

249 1739 381 1784 necesse
402 1726 460 1783 est.
504 1740 622 1783 nomen
644 1721 714 1784 eius
736 1721 792 1806 qui
815 1720 971 1785 aduersus
993 1718 1185 1805 Apaturium
1208 1717 1343 1804 excepit,

249 1843 344 1908 quem
367 1841 427 1885 nos
449 1819 620 1886 breuitatis
651 1843 768 1888 caussa
789 1825 907 1890 actoris
929 1825 1058 1890 nomine
1080 1821 1343 1906 significabimus,

249 1923 337 2011 quod
358 1922 456 1989 suerit
479 1925 657 2009 ignoratur.
701 1936 797 2013 atque
826 1927 892 1992 iam
914 1927 1054 2014 antiquis
1083 1925 1117 1988 id
1143 1922 1342 2011 temporibus

250 2025 413 2092 obliuione
444 2026 593 2092 obrutum
622 2027 723 2094 fuisse
752 2040 784 2095 et
804 2053 863 2116 per
885 2053 920 2096 se
946 2030 1038 2117 patet
1059 2066 1099 2077 ·-
1121 2049 1199 2092 nam
1223 2027 1341 2092 Demo-

251 2130 374 2194 sthenis
411 2130 573 2195 crationes
609 2133 754 2216 priuatas
790 2133 978 2220 plerumque
1011 2131 1173 2218 neglectas
1205 2130 1343 2194 iacuisse

253 2239 382 2297 constat
401 2269 444 2281 -
466 2241 498 2296 et
527 2244 637 2319 aperte
658 2233 832 2316 Libanius,
864 2237 893 2301 is
915 2237 970 2323 qui
992 2234 1061 2300 1111
1083 2242 1157 2320 post
1179 2230 1345 2297 Christum
1431 2292 1434 2301 ,

250 2344 365 2401 natum
388 2335 515 2401 saeculo
538 2346 730 2421 argumenta
751 2340 933 2405 orationum
956 2338 1110 2418 confecit,
1138 2346 1274 2403 testatur
1295 2358 1344 2414 ec,

250 2438 337 2525 quod
351 2447 494 2504 actorem
509 2437 694 2526 simpliciter
712 2439 774 2504 τὸν
795 2437 1100 2528 παραγραψάμενον
1123 2440 1207 2505 dicit.
1238 2447 1343 2504 aetate

251 2563 329 2606 uero
351 2542 417 2605 iam
433 2561 641 2627 progressum
655 2542 754 2608 fuisse
770 2553 912 2610 actorem
934 2556 1012 2620 tum,
1035 2564 1109 2606 cum
1123 2543 1343 2629 exceptionem

251 2644 448 2726 intenderet,
482 2643 557 2708 inde
587 2643 683 2729 plane
718 2655 867 2732 apparet,
899 2647 986 2735 quod
1013 2655 1088 2733 post
1117 2667 1215 2732 quam
1243 2643 1344 2708 multa

251 2745 371 2811 multm
385 2749 419 2812 in
434 2754 538 2812 terras
552 2747 669 2811 itinera
682 2748 846 2814 maritima
855 2759 1053 2816 mercaturas
1069 2748 1212 2813 faciundi
1227 2769 1344 2813 caussa

252 2850 399 2931 confecit,
429 2851 495 2915 iam
516 2871 620 2937 paene
643 2859 767 2937 septem
789 2875 893 2920 annos
919 2855 1089 2920 continues
1109 2850 1257 2917 Athenas
1280 2873 1345 2916 non

252 2953 396 3040 reliquit,
427 2953 485 3018 sed
507 2974 570 3039 quo
593 2954 694 3017 uitam
718 2977 809 3020 suam
832 2966 1042 3036 sustentaret,
1072 2957 1243 3044 pecuniam
1264 2977 1345 3020 mer-

253 3066 366 3122 catura
387 3065 515 3143 partam
544 3059 650 3123 usuus
677 3059 816 3124 nauticis
845 3060 1029 3128 foeneratum
1058 3070 1106 3126 cst
1119 3060 1153 3144 ²).
1199 3058 1345 3125 condicio

323 3249 350 3312 1)
372 3246 480 3299 Eadem
499 3244 534 3298 de
552 3260 583 3298 re
601 3261 766 3317 exposuere:

322 3332 462 3386 Libanius
479 3331 509 3385 in
528 3336 692 3402 argumento
711 3334 845 3388 orationis
863 3334 998 3401 XXXIII,

322 3419 348 3473 J.
361 3419 540 3473 Hermaunus
552 3419 582 3472 in
601 3417 697 3474 libello
710 3420 759 3491 qui
777 3421 939 3476 inscribitur
952 3420 1120 3474 einleitende
1134 3417 1343 3486 bcmcrkungen

253 3524 290 3560 nu
305 3505 510 3583 Demosthenes
523 3506 782 3578 paragraphischen
794 3508 890 3578 reden,
899 3508 1009 3562 Erfurti
1021 3508 1097 3574 1853,
1110 3522 1195 3577 pagg.
1209 3505 1224 3558 7
1238 3519 1344 3573 proxxc

323 3593 467 3647 Arnoldus
492 3592 627 3648 Schaefer
653 3593 683 3647 in
708 3592 774 3648 libri
801 3596 850 3666 qui
878 3600 920 3649 est
950 3596 985 3649 de
1011 3593 1201 3648 Demosthene
1228 3592 1345 3661 eiusque
1405 3607 1408 3612 ·
1511 3632 1512 3667 3

254 3685 350 3735 aetate
367 3680 510 3734 uolumine
527 3678 604 3749 IIIB,
623 3695 709 3751 pagg.
728 3680 780 3736 297
798 3698 903 3751 proxx„

323 3766 492 3835 Rudolphus
517 3766 665 3821 Dercetius
691 3767 722 3821 in
746 3767 760 3820 I
785 3768 927 3823 uolumine
951 3768 1017 3824 libri
1040 3767 1089 3840 qui
1115 3768 1280 3823 inscribitur
1305 3764 1346 3818 les

253 3853 416 3924 plaidoyers
429 3854 509 3909 civile
523 3855 558 3907 de
570 3852 761 3908 Demosthene
779 3855 900 3909 traduits
913 3872 948 3909 en
965 3855 1092 3927 franceis
1104 3872 1174 3911 avec
1186 3855 1346 3923 arguments

254 3948 283 3994 et
301 3946 391 4010 notes,
409 3940 526 3995 Parisiis
544 3941 623 4006 1875,
641 3955 729 4012 pagg.
749 3942 800 3995 197
818 3959 923 4012 proxx„

322 4026 484 4083 Fridericus
501 4026 629 4082 Blassius
647 4027 675 4079 in
699 4026 766 4080 libri
791 4028 826 4081 de
843 4028 1059 4087 Atheniensium
1084 4027 1246 4100 eloquentia
1266 4023 1346 4078 uolu-

252 4115 328 4169 mine
347 4114 397 4183 111,
415 4112 532 4187 Lipsiae
551 4113 627 4181 1877,
647 4128 732 4184 pagg.
752 4113 802 4168 511
822 4132 918 4186 prcxx.

320 4203 349 4279 2)
367 4202 404 4258 cf.
425 4205 465 4276 ἐξ.
486 4203 511 4257 4.
530 4203 554 4258 5,
