3060 4658
668 914 819 1009 Caput
851 914 906 988 ΙΙ.

241 1093 293 1162 Do
322 1096 499 1180 sorlntore
528 1096 701 1164 cretionis
730 1095 904 1163 sonemus
931 1094 1145 1179 Ansmrtum
1175 1094 1331 1162 habltoc.

324 1239 465 1368 Oratio
488 1302 644 1368 aduersus
658 1301 852 1389 Apaturium
874 1301 986 1367 habite
1008 1295 1335 1388 (πρδς’ίπατοόριον

241 1400 1336 1496 cananaeisneroemosthenisorationesxxxnlnumeraur,

242 1518 279 1574 ut
306 1510 485 1576 orationum
513 1510 822 1598 paragraphioerum
845 1528 927 1597 quoe
949 1506 1099 1572 dicunturr
1121 1506 1262 1572 secundo
1284 1508 1335 1575 sit.

242 1635 303 1678 neo
330 1634 483 1699 umquem
513 1612 642 1678 uidetur
671 1614 811 1701 antiquis
832 1611 1030 1699 temporibus
1053 1609 1233 1676 dubitatum
1256 1633 1337 1696 esse,

242 1716 320 1801 quin
341 1715 570 1781 Demosthenis
590 1712 807 1783 eriistimanda
829 1725 922 1783 esset.
969 1713 1219 1801 Harpocrationi
1239 1723 1336 1797 certe,

244 1819 299 1905 qui
327 1819 501 1884 multarum
523 1820 705 1884 orationum
726 1820 1051 1887 Demosthenioerum
1072 1816 1335 1902 inscriptionibus

242 1921 322 1987 illud
342 1926 369 1986 ολ
389 1913 524 2006 γνήσιος
546 1919 565 1987 ὁ
588 1916 686 2008 λόγος
708 1923 843 2006 adiecit,
876 1921 976 1986 dubie
1005 1942 1070 1985 non
1092 1927 1141 1984 est
1162 1920 1233 1983 uisa
1257 1941 1282 1988 s.
1304 1944 1335 1985 u.

232 2018 412 2112 Ὀφρύνιον
438 2046 512 2110 pag.
534 2024 598 2089 229
620 2023 717 2089 Dino
746 2026 967 2110 decoratione
997 2030 1032 2089 έν
1059 2022 1108 2107 τῷ
1129 2016 1213 2108 πρὸς
1231 2018 1334 2088 Ἀπα-

242 2121 385 2212 τούριον.
427 2128 525 2203 πόλις
547 2128 618 2192 ἐστὶ
640 2127 699 2206 τῆς
725 2122 881 2211 Τρῳάδος
902 2123 946 2202 ὡς
967 2127 1063 2206 δηλοῖ
1079 2121 1280 2209 Ἀνδροτίων
1302 2132 1337 2192 έν

243 2226 275 2317 γ’
300 2228 465 2305 Ἀτθίδος.
518 2230 596 2294 item
624 2229 726 2294 Iulius
757 2227 891 2315 Pollux,
927 2231 1018 2296 cuius
1047 2238 1155 2295 tamur
1185 2227 1337 2294 iudicium

243 2335 377 2400 minoris
400 2332 581 2398 ducendum
603 2342 660 2414 est
682 2334 835 2419 quonism
857 2334 987 2422 quidem
1008 2354 1073 2397 non
1095 2332 1168 2421 plus
1183 2331 1280 2396 semel
1294 2370 1337 2381 -

243 2437 321 2502 ΙΙΠ.
346 2437 409 2501 144
430 2474 472 2486 -
484 2434 713 2503 Demosthenis
736 2439 912 2503 cretionem
928 2440 962 2502 in
978 2435 1189 2523 suspitionem
1200 2436 1339 2516 uocauit,

246 2550 283 2607 ut
315 2537 540 2605 Demosthenis
569 2539 658 2605 illam
687 2542 865 2607 orationem
893 2540 1039 2606 laudauit
1066 2538 1108 2605 II.
1131 2540 1183 2605 28.
1235 2534 1338 2624 ἀπορ-

245 2642 354 2733 ρηθὲν
383 2642 405 2708 δ
410 2643 417 2669 ²
445 2637 538 2727 αὐτῷ
558 2643 778 2728 Δημοσθένης
802 2641 870 2710 εἶπε
891 2638 932 2710 τὸ
963 2640 1198 2730 ἀπαγορινθέν
1227 2678 1266 2692 -
1296 2643 1338 2708 cf.

246 2747 399 2811 orationis
414 2740 448 2834 ᾖ.
462 2746 512 2812 21.
535 2783 576 2794 -
591 2757 624 2811 et
634 2746 724 2813 VIII.
741 2749 790 2815 64.
805 2749 1015 2833 προσθετέον
1029 2744 1064 2809 δὲ
1075 2754 1145 2820 τοῖς
1160 2749 1339 2833 εἰρημένοις

247 2851 304 2915 καὶ
331 2843 425 2914 τόδε·
469 2848 585 2912 δίαιτα
614 2842 786 2928 διαιτητής
815 2843 1097 2925 συνδιαιτητό
1105 2869 1122 2921 ς
1129 2894 1139 2928 ,
1167 2843 1209 2921 ὡς
1231 2848 1338 2932 Δημο-

249 2942 374 3030 σθένης
389 2989 429 3000 -
442 2950 482 3016 cs.
494 2950 649 3015 orationis
660 2953 711 3032 ἕξ.
728 2950 779 3018 19.
794 2951 844 3016 20.
859 2951 910 3016 33.
922 2943 1002 3015 δίνου
1018 2949 1085 3014 τῶν
1096 2947 1340 3027 συνδιαιτητῶν

249 3093 289 3104 -
324 3064 356 3118 et
384 3054 521 3119 fortasse
548 3053 646 3117 etiem
674 3052 717 3121 ΙΙ.
749 3054 819 3119 129.
841 3052 1015 3139 ἀπόφασις
1037 3051 1064 3116 δ
1091 3050 1145 3117 ἐπὶ
1167 3049 1341 3129 διαιτητοῦ

247 3152 291 3237 ἣν
306 3160 362 3223 καὶ
384 3156 506 3243 γνῶσιν
528 3157 621 3221 καλεῖ
632 3156 852 3241 Δημοσθένης
866 3195 909 3207 -
924 3155 964 3221 cf.
984 3155 1137 3221 orationis
1158 3157 1187 3236 ξ.
1202 3153 1252 3219 22.
1267 3156 1341 3238 περὶ

251 3256 313 3342 τὴν
342 3258 465 3347 γνῶσιν
496 3257 554 3337 τῆς
584 3258 732 3340 διαίτης,
759 3259 809 3325 23.
833 3259 891 3338 τῆς
917 3253 1063 3345 γνώσεως
1084 3261 1266 3342 γενομένης,
1289 3257 1341 3321 29.

248 3359 297 3450 μὴ
307 3369 482 3451 γενομένης
490 3360 548 3440 τῆς
559 3352 714 3445 γνώσεως,
721 3362 772 3430 30.
780 3359 961 3448 μελλούσης
971 3356 1118 3447 γνοίσοως
1129 3354 1341 3446 γενήσεσθαι,

251 3471 301 3534 32.
331 3461 572 3555 ἰσχυριζόμενος
595 3468 636 3553 τῇ
654 3459 895 3549 Ἀριστοκλέους
916 3461 1032 3550 γνώσει
1064 3501 1107 3512 -
1128 3486 1211 3551 queo
1232 3472 1341 3529 temen

251 3571 353 3637 uerbo
374 3572 472 3636 etiem
494 3568 536 3633 ad
559 3588 603 3632 or.
618 3567 779 3633 XXXVI.
795 3572 842 3651 ἐξ.
860 3569 900 3634 16
922 3578 955 3633 et
969 3569 1007 3633 17
1030 3568 1191 3654 respicere
1205 3578 1343 3656 possunt

252 3713 291 3725 -
324 3669 385 3752 τὴν
413 3672 536 3759 γνῶσιν
568 3664 629 3750 τὴν
658 3676 835 3756 γενομένην
860 3677 895 3737 έν
917 3662 1103 3756 ἀκροπόλει,
1126 3666 1261 3736 ἀκούετε
1281 3669 1341 3748 τῆς

250 3769 394 3862 γνώσεως
418 3777 504 3861 —¹).
546 3775 725 3841 recentiore
754 3785 862 3839 autem
890 3774 1047 3839 memoria
1067 3782 1100 3838 et
1123 3772 1278 3839 Benseler
1306 3774 1341 3863 in

323 3947 352 4018 l)
371 3962 407 4001 ne
426 3945 489 4016 quis
502 3944 667 4016 decipietur,
682 3944 807 3999 Pollucis
824 3944 914 3998 uerba
927 3943 974 4000 VI.
994 3943 1051 3999 153.
1070 3965 1105 3993 =
1123 3941 1197 3996 VIII.
1215 3942 1257 3997 30.
1294 3950 1343 3996 καὶ

253 4035 269 4088 ὁ
288 4033 471 4102 Δημοσθένης
488 4028 845 4104 καταψευδομαρτυροῦμαι
862 4046 900 4084 so.
921 4027 993 4102 λέγει
1015 4046 1072 4085 non
1094 4029 1132 4082 ad
1149 4027 1281 4083 XXXIII
1300 4030 1344 4084 37.

257 4115 606 4192 καταψευδομαρτυρηθείς
623 4117 772 4173 referenda
790 4122 862 4182 sunt,
881 4117 931 4170 sed
950 4114 987 4170 ed
1004 4113 1086 4168 XXI.
1105 4114 1163 4169 136.
1182 4111 1245 4168 ἀλλ’
1264 4104 1344 4167 οὗτοι

255 4205 294 4261 δι’
306 4208 417 4275 ἔχθραν
428 4199 657 4273 καταψεύδονταί
665 4226 726 4273 μου,
742 4199 1150 4282 καταψευδομαρτυροῦμαι,
1165 4198 1215 4254 ubi
1227 4216 1341 4277 prorsus

254 4294 351 4350 eedem
369 4290 462 4349 forms
478 4297 530 4346 est.
