3060 4658
627 269 950 342 —61—⁴

188 437 294 510 αὐτὸν
319 442 443 510 τοῦτον
472 439 532 512 τὸν
561 439 668 530 νόμον
688 445 871 532 oppositum
892 468 964 513 esse
986 445 1130 515 dicamm
1151 445 1216 530 legi
1235 447 1279 527 ei,

188 567 251 632 qua
265 557 402 634 tempus,
416 550 502 614 intra
516 549 603 636 quod
617 548 688 614 lites
703 551 914 616 mercatoriae
928 549 1145 616 intendendae
1159 557 1276 632 essent,

188 649 407 716 definiebatur.
461 660 496 717 at
523 673 601 719 uero
634 662 731 719 antea
756 676 821 720 non
843 653 947 738 legem
968 652 1055 718 illam
1079 653 1141 719 sibi
1163 653 1276 718 testari

187 753 269 819 dixit
284 754 340 820 sed
353 745 485 841 χρόνον,
499 764 536 821 ut
549 756 743 823 inconcinna
756 757 848 823 fieret
862 757 1109 842 argumentatio.
1142 756 1277 822 forsitan

186 856 303 923 dixerit
325 857 485 946 quispiam
505 857 602 925 buius
623 859 711 925 modi
732 862 825 946 quasi
846 862 1097 927 inconstantiam
1113 859 1275 949 quandam

187 962 333 1049 scriptori
370 961 524 1027 orationis
550 961 703 1027 XXXIII
734 962 981 1030 condonandam
1010 984 1090 1032 esse.
1148 973 1183 1029 at
1211 963 1276 1028 alia

184 1073 330 1132 remanet
351 1064 531 1131 difficultas.
560 1086 637 1129 nam
658 1065 837 1133 subiectum
858 1068 998 1154 proximi
1020 1067 1178 1137 enuntiati
1199 1067 1275 1153 (sos-

186 1170 325 1236 δίκαστο
354 1163 422 1253 γὰρ
449 1161 505 1255 ἄν)
527 1169 717 1256 requiritur:
746 1190 850 1255 neque
871 1172 957 1235 enim
978 1181 1047 1237 tota
1067 1168 1275 1257 paragrapho

185 1273 365 1360 Apaturius
379 1280 655 1338 commemoratur.
698 1293 796 1358 quam
811 1271 853 1338 ob
866 1296 936 1339 rem
950 1275 1140 1360 pronomine
1151 1272 1276 1340 τοῦτον
1295 1307 1299 1313 -

184 1377 379 1463 Apaturium
401 1375 538 1443 indicari
560 1374 706 1441 arbitror.
750 1397 812 1441 nec
833 1375 902 1441 eine
918 1370 1023 1465 specie
1037 1375 1276 1463 probabilitatis

184 1479 367 1562 Dercetius,
388 1479 506 1565 quippe
529 1479 584 1566 qui
605 1498 679 1565 pag.
701 1477 766 1544 209
788 1488 927 1546 uerteret
942 1481 1026 1545 mais'
1040 1501 1123 1567 pour
1136 1500 1278 1566 prouver

155 1594 157 1599 '
184 1583 299 1670 queje
322 1582 386 1649 n'ai
407 1604 467 1669 pas
489 1582 669 1663 cautionnd,
685 1581 851 1668 jinvoque
872 1583 902 1648 le
917 1584 1123 1668 tdmcignage
1137 1582 1178 1648 de
1192 1591 1276 1647 cette

183 1688 227 1754 ioi
249 1696 282 1752 et
304 1685 344 1752 de
364 1707 440 1750 mon
462 1683 646 1750 adversaire
667 1685 738 1770 (καὶ
759 1679 867 1751 αὐτὸν
888 1687 1035 1774 τοῦτον),
1056 1687 1162 1773 ipsum
1185 1682 1276 1773 Apa·

183 1792 304 1856 turium
325 1789 391 1875 legi
413 1790 595 1877 oppositum
617 1808 690 1853 esse
709 1787 858 1871 uoluit1).
902 1799 937 1856 at
957 1790 1020 1856 bac
1040 1791 1165 1856 ratione
1180 1811 1274 1877 argu·

183 1903 327 1960 mentum
348 1892 495 1972 infertur,
517 1889 604 1978 quod
626 1888 668 1956 ab
682 1889 744 1955 bac
758 1893 1036 1977 argumentatione
1051 1893 1191 1960 ebenum
1205 1914 1276 1959 esse

183 1994 343 2063 uideatur.
388 2015 472 2082 quae
493 2015 565 2060 cum
587 1994 635 2060 ita
649 1994 723 2074 sint,
744 2015 805 2079 ego
820 1997 968 2082 equidem
982 1995 1084 2063 uerba
1098 1998 1155 2063 καὶ
1170 1993 1277 2063 αὐτὸν

184 2099 308 2169 τοῦτον
328 2098 485 2164 mutanda
506 2119 620 2163 censeo
642 2097 755 2162 autin
776 2096 867 2166 κατὰ
889 2093 1012 2166 τούτου
1023 2103 1059 2187 ²),
1080 2110 1118 2166 ut
1138 2100 1220 2166 haec
1234 2099 1277 2163 eit

184 2204 360 2270 sententia:
390 2211 514 2287 ,eontra
536 2192 730 2288 Apaturium
758 2200 863 2287 legem
893 2210 1008 2268 testem
1037 2202 1107 2269 fore
1134 2210 1275 2270 actorem

184 2330 251 2374 non
280 2327 351 2371 esse
381 2306 543 2391 praedem‘
575 2341 614 2353 —
645 2303 686 2369 ci.
708 2305 750 2370 38
779 2300 935 2392 μάρτυρα
955 2301 1177 2395 παρεχόμενος
1202 2309 1276 2371 κατ’

185 2410 266 2496 ἐμοῦ
288 2402 349 2474 τὸν
369 2400 562 2499 ἠφανικότα
584 2408 621 2473 cl.
644 2406 785 2473 XXVII.
809 2409 860 2490 26,
883 2418 916 2475 et
937 2408 1080 2478 XXVII.
1103 2412 1146 2477 25
1168 2405 1276 2488 κεκλη-

186 2534 266 2579 κασι
280 2516 357 2578 κατ’
373 2512 497 2579 ἐκείνου
517 2503 691 2600 μάρτυρας
707 2549 746 2559 -
764 2520 822 2577 aut
844 2513 872 2576 si
886 2514 993 2580 minus
1009 2514 1189 2599 elegantem
1204 2535 1275 2581 ora·

186 2627 289 2683 torem
310 2617 488 2682 orationem
509 2613 663 2678 XXXIII
687 2616 917 2701 conscripsisse
938 2616 999 2683 tibi
1011 2618 1221 2707 persuaseris,
1241 2617 1276 2681 in

187 2720 259 2786 κατ’
282 2715 387 2785 αὐτοῦ
409 2717 530 2786 τοῦτον
551 2718 650 2805 (hanc
671 2717 775 2804 legem
799 2728 913 2786 contra
935 2721 1152 2807 Apaturium).

273 2824 300 2889 ei
321 2822 419 2889 etiam
440 2823 563 2888 leuiora
585 2842 837 2889 commemorare
857 2824 958 2903 iuuat,

272 2927 299 3012 ἕ.
321 2927 363 2993 28
384 2928 419 2991 in
440 2923 550 2989 uerbis
573 2916 636 3001 τὴν
657 2917 777 3008 ἐγγύην
798 2920 861 3003 τὴν
874 2922 1013 2991 ΠΡΟΣ
1029 2920 1091 3004 τὴν
1112 2919 1279 3010 τράπεζαν

186 3029 319 3096 ΠΡΟΣ
336 3023 524 3115 ἀπέχθειαν
547 3026 694 3113 displicet
715 3028 909 3116 praepositio
921 3030 1065 3116 repetita.
1099 3049 1158 3093 nec
1172 3028 1277 3112 uideo,

187 3155 250 3219 quo
279 3134 349 3197 iure
371 3131 559 3197 Dindorfius
587 3131 622 3196 in
644 3131 784 3197 editione
806 3132 970 3219 Lipsiensi
991 3132 1042 3196 III
1064 3125 1128 3211 τὴν
1150 3136 1193 3208 εὶς
1215 3126 1279 3211 τὴν

187 3232 355 3322 τράπεζαν
385 3257 426 3299 cx
453 3234 665 3301 deterioribus
694 3234 785 3300 libris
813 3257 888 3302 mes.
918 3235 1079 3301 edendum
1107 3237 1276 3302 ourauerit.

187 3331 269 3422 πρός
291 3341 376 3405 enim
398 3339 489 3405 codd.
514 3339 555 3403 Σ
574 3340 606 3404 Α
628 3361 645 3403 r
666 3338 823 3424 praebent
845 3347 878 3404 et
898 3340 944 3405 sic
966 3345 995 3423 ξ.
1020 3342 1057 3406 11
1081 3341 1141 3419 τῆς
1162 3335 1279 3425 ἐγγύης

188 3442 247 3520 τῆς
269 3438 351 3530 πρὸς
373 3437 437 3523 τὴν
458 3437 626 3529 τράπεζαν
648 3444 802 3530 scriptum
824 3451 881 3508 est.
924 3447 951 3525 ᾗ.
970 3446 1010 3510 10
1025 3452 1074 3511 eet
1088 3442 1146 3522 τῆς
1162 3441 1275 3529 ἐγγύης

187 3547 245 3622 τῆς
267 3549 336 3611 ἐπὶ
357 3543 421 3625 τὴν
442 3542 617 3634 τράπεζαν.
660 3542 682 3623 ἡ
704 3550 747 3622 εὶς
773 3548 836 3624 τὴν
857 3542 1025 3631 τράπεζαν
1049 3544 1149 3633 ἐγγύη
1170 3556 1280 3613 autem

188 3647 308 3714 dictum
330 3671 401 3714 esse
423 3650 571 3738 equidem
594 3650 748 3735 exemplis
769 3648 908 3736 probare
928 3672 995 3716 non
1016 3672 1156 3737 possum.

272 3756 301 3834 ξ.
323 3751 375 3820 29.
419 3750 506 3820 πολὺ
534 3756 599 3840 γὰρ
622 3748 641 3818 ὁ
663 3748 760 3837 λόγος
781 3744 825 3830 ἦν
849 3774 909 3838 μοι
930 3748 1139 3842 ἰσχυρότερος
1160 3750 1278 3835 ὁμολο-

258 3942 286 4012 1)
304 3941 340 3997 of.
357 3937 491 3994 XXXVI.
510 3940 545 3995 δέ
568 3942 600 3993 οὐ
623 3941 714 4009 μόνω)
736 3943 766 3992 ἐκ
784 3944 832 4004 τῆς
855 3933 992 4002 διαθήκης
1014 3939 1092 3991 ἔστιν
1116 3933 1187 3988 ἰδεῖν
1210 3934 1279 3988 ἀλλὰ

188 4034 236 4082 καὶ
254 4028 287 4080 αὐ
303 4024 408 4099 μάρτυς
425 4023 506 4083 αὐτὸς
522 4032 644 4099 γέγονας.

257 4116 286 4181 2)
303 4114 399 4185 cogita
417 4114 446 4167 in
462 4112 559 4167 codice
580 4113 735 4184 archetypo
753 4109 810 4164 leui
828 4124 922 4164 errore
938 4113 1082 4163 armatum
1100 4106 1187 4160 fuisse
1201 4110 1283 4157 ΚΑΤ

188 4202 217 4254 A
221 4204 450 4268 Torrorr'or,
463 4199 540 4271 quod
553 4206 688 4270 quantum
702 4197 1094 4253 abKAIAPTONTOPTON
1101 4193 1185 4245 distet
1197 4207 1279 4245 nemo

188 4307 244 4345 non
261 4289 346 4347 uidet.
