3060 4658
683 211 872 274 ..6-

239 380 304 463 det,
337 384 384 448 eis
405 381 486 448 tides
507 380 659 447 habenda
680 381 770 447 nulla
791 389 856 446 est:
889 370 966 446 nam
987 380 1162 448 creditores
1185 382 1236 449 die
1262 374 1327 449 scl-

235 485 334 551 uendi
356 484 579 574 praeterlapsa
601 486 709 550 statim
739 505 856 549 nauem
880 506 1038 571 occupare
1060 493 1208 573 poterant
1219 492 1261 567 ¹)t
1292 493 1329 550 ut

235 591 332 656 etiam
354 597 428 676 post
450 610 521 653 eam
552 588 637 652 diem
663 594 904 672 exspectarent,
937 588 964 651 si
992 589 1163 673 pecuniam
1187 586 1329 653 debitam

235 692 370 759 reddere
396 698 506 779 posset
527 690 725 776 Apaturius,
758 689 853 754 hnins
882 691 984 776 ipsius
1014 690 1150 755 fallaciis
1180 691 1329 757 commoti

235 797 387 863 uidentur
409 815 497 875 esse,
528 795 583 880 qui
604 792 775 881 pecuniam
797 791 858 858 sibi
887 795 952 858 iam
974 794 1167 880 promissam
1188 816 1260 859 esse
1282 794 1328 882 di·

237 901 368 966 etitasse
396 896 631 964 existimandus
662 902 718 962 est.
773 902 864 961 actor
893 918 969 962 uero
999 897 1137 986 probum
1162 896 1331 964 nominem

236 1003 431 1092 Apaturium
453 1022 525 1066 esse
548 998 723 1066 arbitratus
745 998 896 1085 precibus
918 1000 987 1062 eius
1010 998 1183 1065 obsecutus
1205 1009 1263 1082 est,
1295 1009 1331 1065 ut

237 1130 310 1172 eum
333 1105 517 1170 Parmenon
541 1102 652 1166 decem
686 1103 850 1168 seminas
876 1101 1024 1167 daturum
1055 1102 1215 1189 pollicitus
1238 1114 1332 1185 esset,

237 1211 372 1295 triginta
384 1208 492 1273 minas
513 1204 655 1292 reliquas
669 1206 739 1290 ipse
753 1205 961 1291 promitteret
1007 1205 1064 1270 sed
1079 1208 1180 1290 actori
1194 1207 1332 1293 pecunia

238 1323 307 1379 tum
330 1318 496 1378 nouerat.
539 1308 617 1396 quid
639 1308 761 1392 igitur?
786 1307 982 1374 Heracliden
1005 1304 1223 1394 argentarium
1245 1331 1330 1374 com·

237 1418 347 1492 mouit,
364 1425 400 1481 ut
416 1414 573 1501 Apaturio
588 1411 690 1477 XXX
704 1412 809 1477 minas
823 1411 1051 1501 suppeditaret.
1095 1414 1187 1478 cuius
1202 1412 1331 1500 quidem

237 1521 393 1609 pecuniae
408 1526 499 1582 actor
520 1537 615 1600 praes
634 1514 740 1580 lactus
755 1523 814 1583 est.
858 1522 973 1602 postea
986 1524 1094 1580 autem
1116 1539 1215 1603 quam
1229 1517 1333 1582 XXX

236 1624 310 1688 illae
338 1622 446 1685 minae
468 1618 593 1684 solutae
623 1626 712 1700 sunt,
742 1616 952 1683 Parmenonti
980 1639 1054 1682 cum
1077 1619 1237 1707 Apaturio
1258 1621 1332 1684 rixa
1422 1616 1425 1621 ‘

238 1732 351 1791 exorta
366 1732 417 1788 est
431 1730 500 1787 tarn
515 1730 619 1801 atrox,
640 1729 677 1785 ut
690 1722 861 1807 pecuniam
876 1720 1070 1805 promissam
1084 1721 1212 1788 madere
1226 1722 1333 1788 nollet

238 1851 303 1917 qua
324 1828 365 1892 de
386 1849 422 1891 re
435 1826 509 1890 rixa
531 1824 628 1889 fucrit
642 1832 751 1888 orator
771 1844 838 1888 non
853 1822 939 1907 dicit,
962 1823 1019 1889 sed
1042 1823 1149 1910 eliqua
1171 1847 1242 1890 cum
1259 1847 1331 1913 pro·

237 1931 405 1997 habilitate
421 1929 524 1994 conici
539 1935 646 2013 potest
658 1925 756 1990 fidem
771 1925 910 2012 Apaturi
925 1926 1134 1994 Parmencnti
1149 1940 1331 2016 suspectam

239 2056 387 2100 caussam
409 2032 527 2097 fuisse:
559 2051 636 2094 narn
656 2027 839 2095 Parmenon
863 2052 930 2095 uon
951 2030 1047 2097 modo
1070 2040 1138 2097 tum
1160 2032 1331 2118 pecuniam

237 2137 429 2226 promissam
458 2133 587 2199 tradere
618 2131 747 2198 omnino
777 2131 895 2217 noluit,
928 2133 985 2199 sed
1014 2144 1128 2220 postea
1157 2137 1253 2200 etiam
1275 2157 1333 2222 per

238 2241 336 2306 alium
348 2245 547 2305 contractum
558 2233 745 2300 faciundum
761 2236 889 2301 curauit
904 2245 936 2301 et
947 2235 1191 2321 diligentissime
1206 2260 1332 2324 semper

238 2341 392 2425 attendit,
424 2361 466 2405 ne
488 2339 566 2426 quid
586 2337 640 2404 ille
662 2337 785 2403 fraudis
808 2339 981 2407 moliretur.
1026 2349 1060 2405 at
1078 2349 1203 2423 actore,
1231 2350 1268 2407 ut
1289 2362 1332 2407 ex

238 2448 285 2512 eis
307 2466 390 2533 quae
406 2450 558 2509 secuntur
576 2440 832 2507 concludendum
855 2444 933 2509 mihi
955 2443 1092 2523 uidetur,
1114 2445 1331 2511 intercedente

237 2549 430 2626 Parmenon,
460 2566 534 2610 cum
555 2545 622 2610 iam
643 2554 709 2610 tres
731 2545 835 2608 minas
861 2545 1012 2631 dedisset,
1041 2546 1182 2634 reliquas
1205 2570 1331 2636 quoque

239 2652 318 2717 dare
333 2658 466 2716 coactus
481 2657 537 2713 est.
569 2648 640 2734 ipse
655 2656 818 2721 autemut
833 2649 928 2715 modo
943 2651 1136 2733 monuimus,
1148 2654 1330 2738 pactionem

239 2775 312 2819 cum
341 2753 501 2839 Apaturio
531 2751 688 2816 conficere
721 2773 785 2816 non
814 2752 882 2818 uolt
912 2754 967 2818 scd
999 2755 1100 2818 actori
1131 2763 1232 2820 totam
1263 2777 1332 2820 rem

238 2856 381 2923 mandat.
424 2854 623 2942 quiquidem
645 2854 798 2939 quemad
817 2856 948 2923 modum
963 2857 1048 2923 hanc
1072 2879 1140 2922 rem
1155 2857 1334 2943 expedierit

238 2982 324 3027 nunc
346 2959 530 3024 uideamus:
553 2958 690 3023 oratoris
711 2957 813 3024 uerba
835 2970 910 3025 sunt
927 2961 1026 3027 haece
1048 2962 1111 3046 (8):
1135 2961 1190 3044 ἐμὲ
1212 2956 1241 3024 δ’
1268 2965 1331 3026 ἐκέ-

238 3066 309 3130 teus
330 3061 457 3148 πρᾶξαι
479 3062 566 3136 ὅπως
597 3055 690 3145 αὐτῷ
711 3057 754 3137 ὡς
776 3058 1019 3149 ἀσφαλέστατα
1048 3068 1121 3144 ἔξεο·
1161 3056 1326 3145 lustolvd'

240 3163 301 3251 tyci
317 3158 380 3239 coir
402 3157 589 3248 turdus&
604 3156 736 3238 καὶτὰς
760 3173 843 3250 τρεῖς
868 3166 909 3241 cic
924 3160 1113 3254 προειλήφει
1136 3154 1234 3241 οὗτος
1248 3161 1327 3250 παρ’
1426 3240 1429 3247 ,

239 3269 363 3334 ἐκείνου
391 3261 756 3350 ἀνθομολογησάμενος
789 3262 872 3354 πρὸς
901 3270 1024 3336 τοῦτον
1052 3261 1142 3347 ὠνὴν
1170 3266 1331 3349 ποιοῦμαι

237 3369 296 3449 rip
311 3362 390 3445 reule
407 3375 462 3434 καὶ
477 3370 546 3435 τῶν
568 3369 698 3434 παίδων
712 3374 776 3437 art.
821 3393 904 3458 quae
920 3373 1049 3461 quidem
1071 3370 1172 3437 uerba
1185 3369 1330 3457 plerique

225 3472 399 3539 'editorum
420 3475 634 3542 recentiorum
651 3470 819 3538 Reiskium
831 3478 856 3557 2)
880 3477 982 3543 secuti
1002 3480 1048 3542 ita
1069 3477 1330 3561 interpretante,

238 3624 447 3632 ---—-——-———

309 3697 336 3767 1)
354 3697 390 3753 cf.
408 3713 472 3769 pag.
491 3698 509 3753 5
526 3696 590 3752 adn.
607 3698 634 3753 4.

307 3784 335 3854 2)
354 3782 486 3839 Beiskius
508 3784 593 3839 haec:
620 3800 693 3853 ,cum
720 3785 762 3840 ita
788 3800 1002 3858 conparaseem,
1028 3792 1061 3840 ut
1082 3786 1239 3856 Apaturius
1264 3789 1329 3844 illas

239 3868 430 3941 qnadraginta
447 3872 538 3927 minas
555 3870 735 3943 profiteretur
752 3872 805 3929 sibi
823 3886 841 3926 a
858 3888 903 3927 me
914 3874 1012 3929 mutuo
1030 3874 1112 3928 datas
1129 3889 1200 3944 esse,
1218 3880 1248 3929 et
1265 3892 1329 3931 cum

198 3997 201 4004 .
239 3971 293 4028 ego
316 3972 414 4012 rursus
435 3959 476 4013 illi
500 3957 715 4031 spopondissem
733 3974 777 4011 me
795 3974 897 4013 nauem
920 3960 963 4015 illi
986 3960 1181 4016 restituturum
1203 3975 1277 4025 esse,
1305 3964 1329 4016 si

239 4042 430 4116 quadraginta
445 4045 510 4101 illas
521 4044 610 4099 minas
621 4043 690 4098 mihi
701 4044 849 4099 redderet‘
885 4050 914 4099 et
930 4046 1006 4101 idem
1022 4046 1053 4100 in
1066 4046 1160 4101 indice
1171 4047 1253 4102 Dem.
1265 4065 1288 4103 s.
1300 4065 1327 4104 u.

238 4127 514 4202 ἄνθομολογεῖοθοκ
539 4130 851 4203 ,ἀνθομολογησάμενος
869 4134 939 4201 πρὸς
956 4138 1070 4187 cedros:
1095 4149 1159 4187 cum
1176 4149 1329 4205 curassem,

263 4220 266 4221 ’
288 4218 444 4288 Apaturius
466 4218 640 4277 sollemniter
663 4218 807 4287 conceptis
831 4218 928 4273 uerbis
951 4235 1048 4276 coram
1069 4218 1239 4291 magismatu
1262 4238 1328 4292 pro-
