3060 4658
598 952 652 1084 fs!
721 982 825 1113 ‘M

272 1106 354 1232 Ex
385 1177 508 1254 septem
536 1154 599 1231 illis
632 1166 832 1232 erationibus
861 1168 1067 1252 excepturus,
1101 1188 1183 1253 quac
1216 1166 1276 1231 sub

185 1268 415 1335 Demosthenis
442 1271 573 1335 nomine
602 1268 886 1351 circumferuntur,
918 1292 974 1349 ea,
1007 1291 1090 1356 quae
1120 1270 1276 1335 aduerme

186 1373 381 1457 Apaturium
403 1372 572 1459 conposita
586 1379 684 1458 atque
705 1371 816 1439 habita
831 1382 890 1455 est,
910 1381 943 1439 et
962 1374 1099 1437 ictorum
1122 1382 1154 1437 et
1168 1395 1275 1458 gram-

185 1477 376 1540 maticorum
392 1475 499 1539 studia
513 1497 577 1539 non
593 1475 760 1540 minimum
776 1477 937 1540 excitauit
974 1497 1035 1540 nec
1048 1477 1183 1541 mirum:
1198 1498 1275 1540 nam

185 1598 270 1663 quae
291 1598 344 1642 ree
365 1577 421 1642 issa
442 1578 588 1643 eratione
603 1588 805 1659 enarrantur,
825 1598 884 1643 eae
906 1578 1025 1665 partim
1039 1570 1105 1642 turn
1130 1578 1276 1644 difficiles
1331 1608 1335 1616 ·

185 1690 261 1744 sunt
282 1690 315 1744 et
335 1688 403 1744 tam
418 1679 585 1761 obscurae,
607 1690 644 1745 ut
657 1681 787 1767 quando
803 1680 931 1768 quidem
947 1688 1060 1746 nestra
1080 1681 1159 1746 iuria
1173 1682 1277 1746 Attici

185 1782 288 1847 ciuilia
304 1785 447 1867 scientia,
470 1784 589 1870 quippe
604 1805 687 1870 quae
701 1805 767 1849 nen
780 1783 964 1869 exlegibus
986 1784 1073 1870 ipsiu*
1082 1786 1124 1848 sit
1139 1793 1275 1871 sumpta,

186 1887 244 1951 aed
273 1907 314 1950 ex
343 1888 477 1973 singulis
506 1908 587 1973 quas
616 1895 761 1952 oratores
789 1895 971 1953 tractauere
1003 1888 1127 1952 caussis
1149 1884 1275 1967 hausta,

147 1988 149 1991 ’
184 1991 292 2055 minus
321 1989 471 2057 absoluta
499 1997 533 2054 et
560 1988 704 2075 perfecta
733 1998 798 2070 est,
830 1990 903 2078 plue
938 1990 1038 2055 semel
1069 1989 1276 2056 difficultates

185 2103 365 2184 appareant
392 2103 519 2172 tantae,
552 2112 636 2177 quae
659 2093 727 2161 ecla
752 2093 938 2157 coniectura
967 2092 1123 2178 explicari
1143 2095 1277 2182 possint

186 2217 291 2260 eerme
313 2205 420 2261 autem
436 2196 599 2276 orationis,
622 2216 817 2281 quamquam
837 2218 903 2261 non
925 2205 974 2260 eet
988 2192 1125 2281 agrestis
1147 2217 1208 2261 nee
1229 2197 1277 2261 in·

182 2299 341 2381 conditus,
363 2310 471 2365 tamen
486 2321 524 2365 eo
540 2308 656 2364 ornatu
672 2321 711 2365 eu
725 2299 888 2383 elegantia
912 2320 951 2364 ea
965 2301 999 2364 ui
1015 2299 1276 2395 earereuidetur,

186 2401 303 2489 quibua
326 2425 470 2468 summus
490 2403 689 2469 Graecorum
711 2411 820 2468 orator
841 2404 956 2467 ceteris
977 2403 1146 2488 praestitit
1190 2403 1278 2490 qued

186 2508 213 2569 ei
234 2507 427 2591 quaesieris,
459 2508 515 2592 qui
543 2506 664 2573 factum
694 2507 736 2570 eit
764 2514 801 2570 ut
822 2525 884 2589 ege
913 2503 1020 2569 denuc
1050 2504 1187 2570 eandem
1208 2528 1277 2573 rem

186 2608 447 2692 pertractandam
469 2611 680 2695 susciperem:
710 2630 776 2673 non
798 2607 919 2672 nullam
947 2609 982 2672 in
1011 2628 1101 2694 spem
1123 2629 1276 2672 ueneram

186 2711 255 2775 fore
283 2721 319 2776 ut
347 2707 560 2778 Demc'atheni
587 2713 765 2777 oraticnem
794 2709 959 2775 uindicare
987 2730 1125 2796 possem.
1180 2731 1277 2796 quam

187 2822 295 2878 tamen
316 2836 406 2901 epem
427 2814 544 2881 falsam
566 2825 599 2880 et
616 2836 735 2880 uanam
757 2814 857 2878 fuisse
878 2835 955 2878 mox
978 2813 1072 2877 aenei.
1116 2833 1214 2898 quam
1236 2812 1278 2878 ob

188 2937 255 2978 rem
276 2937 317 2980 ne
331 2939 430 3001 quam
444 2939 575 3002 operam
596 2919 629 2982 in
644 2915 870 3004 cognoscenda
887 2925 918 2979 et
939 2912 1115 2980 iudicanda
1132 2915 1278 2979 oratione

187 3016 244 3082 illa
266 3018 480 3098 collocassem,
502 3040 542 3083 ea
563 3040 694 3105 prorsus
716 3014 843 3109 perdita
864 3027 963 3099 esset,
984 3017 1213 3107 prolegomena
1234 3016 1278 3080 ad

187 3143 260 3185 eam
280 3120 483 3187 conscribere
504 3124 671 3205 constitui,
699 3144 777 3187 num
804 3122 889 3188 sorte
909 3122 956 3186 eis
979 3119 1213 3207 aliquantulum
1235 3118 1278 3184 ud

187 3226 420 3291 accuratiorem
449 3223 648 3290 Graecarum
679 3225 858 3292 litterarum
886 3226 1103 3311 cognitionem
1132 3223 1279 3289 conferre

185 3349 322 3414 possem.
