3060 4658
704 207 914 272 ..32-

265 373 366 463 νόμος
389 376 423 467 ξ.
448 376 475 440 1.
498 375 536 441 cl.
558 374 759 465 [XXXII.]1
784 386 816 442 et
838 376 1047 464 [XXXIIII]
1063 380 1092 446 4.
1116 377 1230 444 deinde
1245 388 1353 443 orator

266 484 405 569 priorem
435 487 634 544 contractum
667 480 806 546 solutum
832 503 902 546 esse
923 482 1114 547 testimoniis
1136 480 1254 570 probat
1274 481 1352 568 (12),

265 594 378 670 postea
401 592 508 648 autem
522 581 645 647 nulium
661 583 761 650 actori
776 605 848 648 cum
863 584 1023 669 Aputurio
1039 593 1238 650 contractum
1253 584 1353 649 fuisse

265 689 312 753 ita
342 687 558 762 demonstrat,
580 695 617 750 ut
638 687 768 755 omnino
790 686 870 751 nihil
891 689 921 752 ei
942 687 1052 771 negoti
1073 709 1147 752 cum
1169 689 1354 755 aduersario

265 791 365 855 fuisse
404 797 552 877 exponat,
604 800 703 874 negat
738 791 837 875 igitur
874 798 1015 854 actorem
1051 812 1109 877 pro
1138 791 1354 857 Parmenonte

264 894 417 982 praedem
446 892 567 958 factum
598 913 676 960 esse.
729 895 816 980 quod
848 915 922 958 cum
950 895 1133 959 testimonio
1159 895 1354 983 conprobari

265 997 376 1062 dicunt
396 995 424 1065 Ι.
445 995 653 1072 Hermannus
673 1017 747 1082 pag.
770 998 789 1063 8
812 1005 844 1060 et
864 1000 904 1063 A.
920 995 1074 1062 Schaefer
1094 998 1160 1061 ima
1181 1019 1256 1084 pag.
1280 999 1352 1078 298,

265 1102 406 1165 maximo
434 1099 470 1162 in
491 1119 599 1163 errore
622 1109 803 1167 uersentur.
854 1099 952 1164 immo
974 1099 1121 1186 probatio
1142 1100 1352 1166 inartificialis

265 1202 354 1269 nulla
376 1212 437 1268 est:
459 1223 563 1288 neque
585 1203 669 1267 enim
684 1211 758 1291 post
772 1202 1013 1290 paragraphum
1027 1206 1172 1289 quintam
1186 1204 1352 1286 decimam,

265 1305 322 1379 uhi
336 1305 522 1392 Archippus
543 1326 603 1391 pro
619 1304 835 1374 Parmenonte
858 1307 1070 1393 spopondisse
1083 1317 1242 1391 narratur,
1256 1309 1351 1373 huius

265 1412 312 1476 rei
340 1409 558 1493 testimonium
584 1410 745 1495 profertur
777 1449 811 1459 -
844 1409 885 1474 of.
910 1411 950 1475 16
979 1411 1246 1478 MAPTYPIAI.
1298 1404 1353 1477 ὅτι

264 1514 325 1597 μὲν
353 1514 523 1590 ἐτέθησαν
552 1515 588 1577 αἱ
619 1512 791 1591 συνθῆκαι
817 1510 910 1597 παρὰ
928 1509 1130 1600 Ἀριστοκλεῖ
1156 1516 1211 1579 καὶ
1241 1512 1352 1593 hint-

264 1610 370 1698 τροπὴ
408 1620 533 1697 ἐγένετο
572 1615 733 1702 Φωκρίτῳ
777 1616 834 1679 καὶ
866 1612 1070 1700 Ἀριστοκλεῖ
1103 1617 1159 1680 καὶ
1194 1618 1279 1701 ἐμοὶ,
1311 1619 1352 1682 οἱ

266 1708 422 1791 εἰδότες
451 1716 585 1782 ταῦτα
614 1709 905 1804 μεμαρτυρήκασιν
934 1716 1014 1803 ὑμῖν
1041 1721 1084 1769 ³—-
1106 1728 1138 1784 et
1160 1726 1235 1805 post
1256 1740 1350 1804 para—

267 1818 427 1907 graphum
450 1820 583 1885 alteram
605 1828 638 1884 et
659 1821 854 1900 uicesimum,
875 1821 932 1886 nbi
952 1817 1124 1909 μάρτυρας
1148 1813 1353 1907 παρασχήσο-

230 1959 232 1963 ’
266 1925 356 1989 σθαι
376 1931 485 1989 orator
506 1923 682 2010 pollicetur,
704 1921 746 1998 ὡς
769 1920 828 1990 οὐκ
844 1918 1035 2010 ἠγγυήσατο
1057 1918 1159 2001 αὐτὸς
1181 1928 1242 1991 τὸν
1256 1925 1352 2011 Παρ-

265 2032 411 2111 μένοντα
433 2022 504 2092 ooo
520 2022 703 2113 Ἄρχιππος
717 2022 974 2114 Μνῤῥινούσιος,
995 2029 1211 2095 testimonium
1232 2027 1353 2092 frustra

266 2152 401 2216 quaeres
414 2132 448 2216 ¹).
499 2139 690 2215 argumenta
711 2139 834 2210 autem,
863 2130 980 2217 quibus
1003 2119 1111 2197 orator
1130 2132 1245 2213 utitur,
1277 2139 1352 2195 sunt

266 2232 362 2298 haec:
384 2234 523 2320 primum
545 2232 674 2319 quidem
695 2233 723 2297 si
745 2218 835 2301 actor
855 2256 950 2323 praes
972 2244 1065 2319 esset,
1097 2235 1205 2300 statim
1227 2234 1350 2321 Apatu-

266 2336 350 2401 rium
378 2336 549 2422 pecuniam
578 2344 766 2403 exacturum
796 2337 896 2402 fuisse
920 2360 980 2403 nec
1001 2339 1095 2414 tertio
1118 2336 1246 2403 demum
1268 2359 1352 2402 anno

266 2448 348 2524 post,
370 2461 444 2504 cum
465 2442 653 2527 praesertim
676 2449 708 2506 et
726 2450 868 2526 egestate
889 2463 1020 2529 pressus
1041 2450 1075 2506 et
1089 2441 1190 2506 actori
1203 2440 1351 2506 inimicus

267 2541 380 2606 fuisset
401 2563 440 2606 ac
461 2541 514 2606 lex
537 2544 724 2631 sponsiones
746 2565 871 2609 annuas
892 2544 1017 2610 iuberet
1030 2567 1110 2627 esse,
1131 2544 1246 2609 deinde
1261 2543 1353 2608 addit

267 2655 407 2711 actorem
433 2645 669 2733 prohibiturum
690 2646 799 2729 fuisse,
823 2668 886 2734 quo
908 2649 1015 2713 minus
1035 2648 1219 2713 Parmenon
1239 2646 1352 2729 abiret,

267 2757 336 2813 tum
357 2748 435 2813 dicit
456 2749 591 2815 eundem
613 2752 661 2815 ita
681 2752 788 2837 potius
810 2773 844 2815 se
867 2749 1074 2815 defensurum
1087 2750 1196 2834 fuisse,
1217 2758 1254 2814 ut
1267 2748 1351 2814 arbi-

266 2853 361 2916 trium
378 2873 448 2917 esse
467 2860 574 2918 ratum
589 2864 731 2939 negaret,
752 2863 915 2940 postremo
930 2856 1053 2939 negitst
1067 2855 1206 2941 Apaturi
1220 2874 1350 2919 accusa·

266 2957 385 3020 tionem
407 2955 472 3020 ullo
495 2955 704 3022 fundamento
725 2958 795 3041 niti,
818 2957 894 3044 quia
914 2959 1022 3044 pactio
1045 2959 1164 3024 amissa
1186 2959 1237 3022 sit.

352 3070 386 3125 at
407 3069 515 3127 orator
537 3082 610 3125 cum
630 3060 717 3126 hunc
737 3062 772 3124 in
793 3060 925 3126 modum
948 3061 1169 3148 exceptionem
1191 3060 1351 3144 defendat,

266 3162 336 3247 ipse
357 3162 534 3228 concedere
555 3164 683 3230 uidetur
703 3162 927 3229 mercatoriam
940 3163 1029 3229 litem
1042 3165 1195 3252 permitti,
1218 3164 1246 3228 si
1258 3186 1350 3252 prae·

268 3264 340 3329 dem
369 3287 441 3332 esse
466 3276 608 3333 actorem
638 3267 892 3333 demonstratum
914 3269 964 3332 sit.
1018 3278 1052 3333 at
1076 3290 1153 3333 uero
1174 3267 1251 3333 hinc
1271 3265 1352 3332 nihil

267 3367 404 3433 efficitur
429 3371 492 3435 nisi
521 3370 600 3454 hoc,
634 3381 792 3436 oratorem
819 3371 976 3437 confisum
1006 3390 1077 3434 esse
1106 3369 1200 3435 facile
1220 3369 1351 3458 probari

231 3528 233 3533 .
266 3492 362 3558 posse
382 3473 534 3558 praedem
554 3474 643 3538 illum
656 3497 730 3540 non
752 3495 822 3539 esse
843 3474 973 3539 factum.
1023 3495 1089 3538 non
1111 3472 1247 3538 efficitur
1266 3482 1351 3538 certe

267 3573 356 3659 illud,
385 3575 471 3661 quod
493 3585 588 3642 antea
608 3576 854 3663 improbandum
875 3598 945 3643 esse
966 3577 1167 3663 putauimus:
1197 3598 1351 3664 paragra-

267 3676 353 3764 phen
381 3677 500 3745 idcirco
531 3679 650 3745 factam
680 3702 766 3762 esse,
795 3679 882 3767 quod
911 3703 963 3746 res
990 3677 1031 3743 ab
1053 3679 1211 3764 Apaturio
1234 3679 1350 3745 allatae

267 3780 362 3846 fictae
390 3791 504 3848 essent.
555 3805 660 3870 neque
682 3806 765 3850 uero
790 3782 1022 3872 uituperandus
1044 3792 1093 3847 est
1114 3793 1236 3865 orator,
1265 3782 1351 3869 quod

259 3885 302 3948 in
334 3907 371 3950 eo
403 3886 604 3973 potissimum
634 3898 798 3972 uersatur,
826 3897 863 3952 ut
888 3896 1030 3952 actorem
1055 3907 1114 3972 pro
1135 3886 1350 3951 Permanonte

231 4156 236 4165 ·
340 4130 368 4199 1)
384 4127 420 4184 cf.
434 4128 561 4185 Blassius
572 4145 638 4201 pag.
650 4130 710 4185 512.
728 4133 786 4183 not.
797 4128 822 4183 2.
857 4125 1017 4181 accuratius
1035 4126 1089 4180 hac
1106 4127 1142 4180 de
1159 4141 1191 4180 re
1204 4124 1279 4181 infra
1297 4123 1352 4179 dis-

269 4230 400 4272 serenus.
