3060 4658
572 246 782 309 ..45-

394 413 427 500 1)
449 422 599 493 actorem,
621 413 649 478 si
669 434 765 501 praes
786 423 879 494 esset,

450 516 697 581 Parmenontem
708 515 844 581 Athenis
862 516 952 581 abire
973 535 1142 603 passurum
1158 537 1223 581 non

449 619 549 685 fuisse
570 617 650 704 (38),

392 722 426 807 2)
449 722 601 810 praedem
625 743 659 786 se
681 742 838 786 essenon
851 729 1043 805 negaturum
1064 741 1143 800 esse,
1167 719 1223 785 sed

450 827 496 889 ita
509 847 543 889 se
557 824 772 906 defensurum,
795 833 832 889 ut
846 824 1136 891 arbitriumratum
1153 845 1223 888 esse

453 930 614 1014 negitaret
636 927 713 1014 (29).

392 1031 427 1117 3)
449 1031 603 1095 amissam
624 1052 695 1096 esse
717 1032 908 1117 pactionem,
937 1052 979 1095 ex
1000 1050 1066 1116 qua
1086 1030 1225 1115 pecunia

449 1134 606 1218 exigatur,
628 1155 688 1198 nec
709 1141 867 1214 constare,
889 1133 1028 1219 quaein
1050 1153 1090 1197 ea
1106 1133 1225 1220 scripta

446 1235 564 1300 fuerint
585 1236 664 1322 (30).

165 1337 245 1425 ΒΒ)
293 1358 542 1408 ΠΑΡΑΔΕΙΓΜΑ
560 1353 769 1424 (1111111111)
793 1336 957 1423 (31-34).

395 1443 428 1530 1)
451 1442 605 1509 Aristocli
625 1441 721 1506 fidem
743 1439 927 1505 habendam
949 1459 1012 1503 non
1036 1459 1118 1521 esse,
1148 1439 1224 1526 quia

347 1543 349 1547 ’
448 1567 490 1610 ex
512 1547 625 1611 eadem
643 1544 806 1632 pactione,
829 1565 926 1630 quam
947 1542 1131 1622 delenierat,
1154 1564 1224 1607 sen·
1342 1536 1344 1541 ’

443 1652 577 1715 tentiam
599 1649 746 1731 edixerit,
768 1648 864 1735 idque
887 1649 956 1712 sine
978 1647 1125 1732 collegis,
1152 1668 1226 1711 cum

442 1752 625 1819 Parmenon
637 1753 731 1817 unius
748 1774 782 1817 se
795 1751 911 1817 arbitri
925 1753 1107 1836 cognitione
1123 1751 1225 1816 teneri

442 1857 635 1941 negauisset·
649 1855 727 1942 (31).

386 1958 421 2043 2)
443 1980 539 2045 quam
570 1957 611 2023 cb
641 1979 790 2022 caussam
812 1958 1077 2042 Parmenontem,
1107 1959 1135 2022 si
1156 1957 1226 2023 eius

440 2083 526 2127 nunc
555 2047 682 2127 caussa
703 2068 865 2145 ageretur,
893 2062 1127 2128 absoluendum
1155 2083 1226 2127 ease

408 2204 410 2207 .
440 2165 627 2251 (31331),
658 2164 848 2251 praesertim
875 2186 949 2229 cum
978 2166 1119 2231 familiae
1138 2165 1225 2230 ¹cala·

439 2269 551 2333 mitate
563 2269 692 2333 domum
712 2267 873 2333 abductus
888 2276 974 2333 esset
995 2268 1104 2355 (33b),
1126 2290 1224 2354 quam

441 2371 570 2456 quidem
603 2394 672 2436 rem
709 2372 810 2437 solam
845 2372 965 2437 iustum
1004 2371 1225 2438 aduersarium

438 2482 668 2540 commoturum
690 2473 807 2557 fuisse,
836 2484 872 2539 ut
894 2475 1062 2541 arbitrium
1084 2476 1118 2540 in
1139 2474 1224 2539 illius

435 2577 574 2643 reditum
595 2576 737 2642 differret
760 2578 818 2663 (34
826 2580 870 2663 a).

385 2682 419 2766 3)
436 2690 555 2767 quanto
577 2681 675 2765 igitur
695 2681 801 2766 magis
824 2691 964 2748 actorem
990 2679 1224 2748 absoluendum

433 2806 520 2862 esse,
553 2786 606 2848 cui
642 2784 764 2849 nullum
801 2785 842 2848 sit
877 2806 949 2849 cum
979 2784 1139 2871 Apaturio
1167 2804 1222 2847 ne·

434 2886 557 2971 gotium
579 2886 693 2971 (34b).

126 2986 190 3058 VI.
235 3008 462 3058 MnrABArJr
478 3006 679 3076 (rasusrrlo)
708 3010 728 3054 a
753 2988 994 3054 confirmatione
1024 2987 1066 3052 ad
1102 2987 1223 3053 resuta-

125 3093 251 3158 ticnem
272 3091 440 3157 aduersari
462 3091 586 3178 (abab).

342 3204 455 3260 contra
482 3195 570 3280 leges
604 3195 645 3261 ab
676 3193 835 3281 Apaturio
865 3202 1006 3260 actorem
1036 3203 1222 3261 accusatum

342 3321 413 3365 esse
438 3298 692 3366 demonstratum
722 3319 800 3364 esse.
845 3298 903 3363 sed
924 3298 1122 3385 Apaturium
1148 3322 1222 3386 syn·

341 3402 500 3490 grapham
522 3401 583 3468 sibi
604 3424 674 3468 esse
696 3404 803 3468 dicere
824 3424 889 3468 non
911 3424 1073 3468 ausurum.

129 3502 205 3569 Vll.
239 3527 287 3573 rA
304 3527 408 3578 neor
423 3508 713 3578 Aurmronsiue
739 3527 862 3577 Arria
894 3526 1109 3595 (1111111110)
1139 3507 1222 3595 (350

131 3609 264 3695 -38a).

308 3714 340 3797 1)
364 3714 391 3778 si
405 3715 584 3802 Apaturius
606 3724 747 3781 actorem
768 3718 802 3781 in
826 3717 975 3801 pactione
997 3736 1070 3779 cum
1091 3712 1222 3779 Parme-

361 3828 459 3882 nonte
473 3819 619 3885 confecta
632 3819 786 3906 praedem
802 3818 922 3882 dictum
938 3839 1008 3882 esse
1030 3816 1127 3898 dicat,
1149 3838 1222 3901 pro·

361 3919 528 3984 ferendum
555 3944 625 3987 esse
653 3922 750 3987 istum
778 3919 927 3985 libellum
978 3921 1007 3985 ei
1036 3920 1137 3998 enim,
1167 3920 1223 4003 qui

363 4021 581 4108 syngrapham
596 4025 723 4108 delerit,
749 4023 844 4088 fidem
866 4021 1050 4088 habendam
1071 4041 1222 4085 nonense

362 4127 452 4211 (350.
474 4126 540 4211 36).

305 4230 344 4317 2)
359 4228 386 4293 si
397 4225 579 4295 vAristocles
602 4250 660 4315 pro
675 4226 857 4295 testimonio
881 4225 967 4291 dicat
988 4231 1130 4289 actorem
1143 4223 1222 4290 Par·
