3060 4658
673 181 883 247 ..10-

233 351 452 419 dissoluantur
463 354 496 442 ¹).
540 376 601 420 nec
622 363 731 421 tamen
747 353 833 418 serui
854 354 888 420 in
910 354 1029 422 actoris
1041 356 1180 423 domum
1196 358 1325 426 deducti

233 463 316 537 sunt,
337 457 448 523 sedin
470 466 629 547 potestate
651 459 793 547 Apaturi
813 482 869 526 eos
889 461 1048 526 mansisse
1074 461 1324 529 luculentissime

232 581 272 623 ex
288 580 325 624 eo
338 559 544 647 intellegitur,
566 562 652 649 quod
667 571 757 628 actor
771 571 886 650 postea
901 563 1043 640 demum,
1059 586 1130 630 cum
1145 566 1323 653 Apaturius

229 663 411 748 pactionem
440 664 603 745 laesisset,
637 666 683 731 eis
710 667 831 752 potitus
861 675 910 732 est
937 705 976 717 -
1000 663 1216 755 κατηγγύησα
1246 664 1324 748 τοὺς

231 764 355 841 παῖδας
370 767 416 854 (9)
432 805 483 833 -.
499 790 559 834 nec
580 777 689 835 tamen
711 771 961 837 existimandum
984 781 1033 837 est
1051 773 1244 860 emptionem
1259 796 1325 839 non

229 869 330 934 fuisse
341 871 403 934 nisi
413 872 679 939 commodationis
692 875 829 962 speciem
841 877 1135 962 tutiorem-quae
1146 875 1290 945 Platneri
1298 879 1324 967 ²)
1369 884 1374 895 '

230 970 359 1037 uidetur
379 972 479 1041 fuisse
495 976 654 1043 sententia
668 1015 712 1026 —
726 976 782 1042 sed
806 976 887 1044 haec
905 978 967 1043 fuit
980 978 1073 1062 ratio,
1094 988 1131 1045 nt
1144 981 1323 1069 Apaturius

227 1074 262 1138 in
292 1079 483 1166 syngrapha
510 1102 628 1145 nauem
657 1090 689 1146 et
717 1103 828 1148 seruos
858 1081 901 1149 ab
932 1091 1040 1148 actore
1067 1082 1246 1150 conducere
1277 1085 1323 1150 di-

228 1180 399 1267 cereturss).
444 1183 491 1247 sic
514 1193 599 1248 certe
614 1183 764 1250 facillime
786 1194 893 1271 potest
912 1185 1076 1273 explicari,
1099 1187 1186 1274 quod
1208 1209 1268 1253 nec
1288 1190 1322 1253 in

230 1290 348 1348 octaua
368 1306 429 1349 nec
451 1287 482 1351 in
508 1286 697 1354 duodecima
712 1289 918 1377 paragrapho
942 1313 1113 1357 usurarum
1129 1291 1250 1356 mentio
1271 1290 1322 1355 fit:

229 1383 341 1451 debuit
364 1389 448 1453 enim
464 1389 644 1479 Apaturius
665 1393 847 1459 cotidianae
863 1416 961 1481 quam
984 1395 1069 1460 serni
1090 1394 1325 1481 conquirebant

226 1489 382 1555 mercedis
405 1501 530 1579 partem
552 1495 967 1585 creditoribusffeddereq.
1013 1498 1151 1583 denique
1177 1497 1323 1561 nomina·

226 1593 326 1657 timue
345 1598 532 1684 syngrapha
547 1608 694 1664 sanctum
710 1600 761 1685 sit,
783 1623 824 1667 ne
838 1601 1018 1689 Apaturius
1038 1600 1196 1665 insciente
1212 1608 1321 1665 actore

228 1716 345 1760 nauem
361 1699 509 1784 solueret,
531 1703 623 1789 quod'
639 1704 667 1768 si
682 1703 820 1785 fecisset,
842 1726 960 1770 nauem
974 1726 1010 1769 re
1024 1725 1104 1769 uera
1118 1701 1322 1768 uendendam

226 1820 313 1883 esse,
346 1800 408 1867 hoc
437 1827 502 1870 non
532 1805 602 1872 sine
624 1827 742 1873 caussa
771 1806 912 1872 dubitari
937 1815 1058 1894 potest:
1090 1806 1169 1871 mihi
1192 1807 1322 1893 quidem

226 1903 295 1967 ueri
311 1902 446 1972 similius
461 1909 589 1975 uidetur
603 1911 682 1996 ipsis
697 1910 832 1996 legibus,
856 1934 936 1998 quas
952 1911 993 1978 de
1009 1909 1107 1976 rebus
1122 1912 1321 1976 mereatoriis

302 2096 329 2166 1)
348 2096 450 2168 Mein,
478 2097 526 2168 qui
551 2097 581 2150 in
605 2096 724 2153 historia
747 2096 816 2151 iuris
838 2097 927 2153 Attici
957 2099 992 2152 de
1019 2097 1099 2153 bonis
1125 2098 1320 2152 damnatorum

224 2198 291 2254 pag.
317 2183 366 2238 151
397 2190 456 2239 not.
480 2184 533 2240 494
559 2183 630 2239 baec
659 2184 797 2254 disputat:
828 2185 913 2257 ,apud
937 2183 1127 2239 Athenienses
1152 2182 1261 2239 debitor
1290 2183 1320 2238 in

224 2270 401 2340 possessione
424 2273 465 2327 rei
490 2273 532 2327 ita
555 2270 637 2343 quasi
665 2271 845 2343 mancipatae
868 2272 1023 2342 permansit
1052 2276 1081 2325 et
1109 2276 1209 2326 eontra
1233 2269 1319 2324 alium

229 2373 435 2430 quemcumque
451 2359 545 2413 omnia
563 2359 625 2412 iura
644 2357 749 2414 domini
774 2358 911 2424 obtinuit,
937 2363 1036 2414 eontra
1054 2357 1207 2412 creditores
1225 2361 1319 2412 autem

227 2447 385 2500 conductor
401 2451 509 2501 tantum
529 2451 558 2501 et
575 2445 801 2501 usufructuariae
819 2445 879 2501 fuit.
899 2464 920 2500 s.
938 2462 965 2499 n.
984 2462 1007 2500 e.
1020 2445 1192 2499 Parmeno
1211 2445 1318 2514 Apatu-

225 2532 267 2587 rio
285 2533 314 2588 in
333 2550 434 2588 nauem
454 2534 597 2604 quandam
614 2532 746 2588 XXXX
763 2533 872 2587 minas
894 2538 1032 2588 mutuas
1051 2531 1175 2602 dabat,
1204 2532 1320 2588 uolebat

228 2626 337 2688 autem,
365 2622 389 2676 si
408 2625 514 2678 statuto
533 2621 578 2676 dis
595 2620 711 2675 XXXX
729 2620 795 2675 illae
813 2621 906 2676 minae
923 2636 980 2675 non
998 2619 1196 2690 redderentur,
1223 2619 1316 2674 statim

225 2711 253 2762 et
270 2708 352 2779 quasi
369 2708 430 2780 ipso
448 2708 509 2764 iure
527 2709 609 2763 nauis
628 2706 781 2764 dominium
800 2713 829 2763 et
845 2707 1051 2780 possessionem
1068 2705 1182 2777 babere,
1201 2704 1317 2760 iubebat

225 2796 392 2868 Apaturiurn
411 2811 513 2851 nauem
530 2795 608 2850 illam
627 2794 681 2849 sibi
698 2795 820 2850 uendere
841 2795 868 2848 h.
887 2812 911 2853 s.
930 2794 1100 2850 Parmeno
1119 2793 1214 2861 ὠνὴν
1238 2812 1316 2848 ποι-

225 2888 323 2936 εῖται
348 2888 377 2936 et
400 2882 557 2955 Apaturius
582 2883 692 2958 πρατὴρ
715 2887 840 2955 γίγτσται
864 2888 911 2947 τῆς
939 2881 1007 2939 vacis
1034 2880 1087 2936 sub
1109 2879 1163 2935 hac
1185 2881 1261 2952 lege,
1286 2885 1319 2935 ut

226 2969 344 3024 redditis
363 2969 479 3025 XXXX
497 2970 580 3024 minis
599 2969 753 3027 dominium
771 2968 852 3022 nauis
874 2969 909 3022 ad
927 2969 1096 3041 Apaturium
1114 2968 1226 3022 rediret.
1263 2966 1317 3023 hoc

225 3072 288 3111 enm
307 3056 437 3113 effectum
456 3058 565 3127 babuit,
585 3062 616 3111 ut
634 3056 793 3126 Apaturius,
814 3073 897 3126 quam
917 3058 965 3111 diu
984 3056 1189 3123 debitorem,
1212 3069 1315 3108 nauem

225 3143 338 3215 quidem
352 3145 494 3214 retineret,
501 3146 551 3200 sed
561 3149 697 3216 tanquam
708 3143 860 3199 conductor
868 3142 1135 3203 etusnfructuarius,
1147 3142 1315 3194 Parmeno

224 3237 339 3286 autem
362 3249 465 3288 uerus
493 3232 654 3285 dominus
679 3235 780 3286 esset,
825 3229 861 3286 cf.
885 3231 967 3285 Dem.
995 3246 1019 3285 c.
1041 3228 1159 3298 Apatur.
1180 3227 1242 3281 894.
1266 3226 1315 3281 17.ι

226 3319 361 3374 memoria
378 3319 476 3389 lapsus
494 3317 675 3374 Parmenouti
695 3318 798 3372 actoris
815 3323 910 3390 partes
929 3315 1014 3371 dedit

293 3407 323 3476 2)
341 3405 377 3461 cf.
400 3405 527 3460 Platneri
552 3405 604 3459 litt
629 3404 689 3461 Att
718 3404 755 3460 11.
781 3422 849 3477 pag.
876 3405 943 3460 308:
969 3417 1067 3456 ausser
1093 3401 1142 3454 der
1169 3398 1315 3471 hypothek

223 3490 329 3564 pflegte
351 3510 418 3548 man
440 3491 501 3546 sich
526 3491 615 3546 durch
636 3490 709 3546 kauf
728 3490 782 3546 auf
801 3490 976 3546 wiederkauf
995 3502 1091 3558 wegen
1114 3484 1315 3562 hefriedigung

224 3578 317 3634 seiuer
335 3579 626 3650 schuldforderungen
649 3579 739 3634 sicher
761 3596 797 3632 au
820 3577 920 3632 stellen
945 3575 1038 3646 (Dem.
1059 3589 1152 3646 gegen
1171 3576 1226 3645 Ap.
1243 3576 1316 3647 895),

223 3666 310 3721 auch
328 3666 479 3737 geschah
497 3683 546 3734 es,
575 3666 640 3720 dass
664 3666 714 3721 der
731 3665 882 3737 glaubiger
905 3660 951 3715 die
973 3660 1182 3732 grundniieka
1208 3663 1319 3720 worauf

224 3768 256 3808 er
273 3753 386 3825 borgte‚
412 3753 512 3808 kaufte
534 3754 592 3809 und
617 3754 658 3808 sie
681 3769 718 3809 an
743 3753 788 3807 die
811 3748 962 3805 schuldner
987 3746 1034 3801 fiir
1057 3747 1113 3802 den
1136 3748 1239 3822 betrcg
1263 3751 1313 3806 der

223 3839 321 3896 ainsen
339 3841 521 3913 rerpachtete
540 3841 613 3913 (geg.
631 3841 711 3895 Pant.
729 3840 800 3909 967).

294 3927 322 3995 3)
340 3927 376 3984 cf.
395 3934 490 3984 notam
503 3929 529 3982 2.
542 3933 571 3983 et
581 3928 678 3985 Meier.
699 3927 723 3980 c
736 3924 864 3981 Schoem.
882 3922 934 3978 litt.
946 3922 1005 3978 Att.
1017 3936 1083 3994 pag.
1095 3922 1148 3980 507
1161 3929 1189 3979 et
1200 3924 1310 3979 Darest

222 4014 426 4172 lmffgffiluti
443 4108 487 4158 est
503 4102 581 4158 Dem.
601 4096 751 4155 XXXVII.
774 4097 799 4150 6.
843 4101 985 4168 τιθέμεθα
1010 4094 1156 4164 συνθήκας
1178 4103 1209 4150 ἐν
1230 4094 1273 4152 alr
1295 4093 1312 4161 ἦ

221 4206 253 4240 τε
269 4190 410 4256 μίσθωσις
426 4183 462 4257 ἦν
479 4193 653 4263 γεγραμμὲτη
672 4186 728 4245 eccll·
