3060 4658
685 237 888 300 ..22-

248 428 282 471 se
312 404 484 470 defendere
514 413 546 469 et
575 405 728 472 ultionem
758 404 799 470 ab
823 404 1009 470 aduersario
1031 414 1176 492 repetere
1197 414 1332 492 poterat,

245 531 331 592 cum,
361 511 389 573 si
419 507 609 596 antigraphe
638 508 850 590 abstinuerat,
884 507 1010 573 duabus
1041 509 1221 574 actionibus
1251 531 1331 595 opus

247 622 341 695 esset,
364 620 401 676 ut
423 613 529 697 priore
551 611 676 676 actione
700 611 741 677 ab
764 612 967 677 accusatione
990 633 1024 676 se
1046 610 1246 692 defenderet,
1276 613 1331 677 ad-

247 717 426 782 uersarium
441 714 632 778 iniuriarum
640 714 955 802 accusaretalteral).
988 714 1333 801 huiusautemgeneris

249 819 413 907 proprium
428 816 527 881 fuisse
542 818 689 884 existimo
705 839 821 884 nomen
836 813 1055 905 ἀντιγραφῆς,
1079 828 1190 907 postea
1205 821 1334 885 demum

249 922 336 986 idem
366 942 482 985 nomen
506 921 609 985 cuiuis
639 923 758 986 actioni
785 930 898 987 contra
918 921 1060 987 intentae
1074 922 1099 1009 2)
1122 925 1239 989 sensim
1264 947 1334 990 esse

247 1024 383 1090 inditum
405 1022 541 1088 uidetur.

333 1147 415 1212 quae
438 1127 466 1190 si
495 1135 581 1192 recte
603 1149 624 1192 a
644 1149 696 1190 me
718 1128 866 1214 exposita
896 1137 984 1211 sunt,
1013 1138 1045 1193 et
1066 1129 1205 1194 Pollucis
1226 1128 1335 1208 uerba,

249 1253 345 1317 quem
367 1231 613 1316 grammaticum
633 1252 741 1295 rerum
770 1229 966 1296 iudicialium
988 1234 1215 1318 peritissimum
1237 1232 1335 1296 fuisse

248 1343 390 1415 constat,
419 1341 452 1398 et
474 1334 620 1420 exempla
642 1333 864 1420 antigraphes,
892 1355 975 1420 quae
1002 1332 1036 1399 in
1059 1334 1257 1401 orationibus
1280 1357 1334 1398 ex·

248 1446 343 1520 stant,
361 1435 501 1524 quodam
517 1437 612 1502 modo
627 1436 791 1502 conciliari
805 1447 949 1522 possunt.
992 1438 1109 1504 Pollux
1123 1461 1210 1521 uero,
1225 1460 1334 1525 quam-

248 1563 344 1627 quam
367 1540 407 1605 da
429 1540 621 1627 antigrapho
642 1541 773 1626 propria
795 1541 955 1625 cogitauit,
981 1552 1089 1607 tamen
1111 1543 1206 1606 nimis
1228 1542 1335 1605 laxam

248 1642 343 1709 huius
375 1638 582 1730 ἀντιγραφῆς
612 1643 829 1707 definitionem
856 1647 1035 1730 proposuit,
1069 1667 1151 1732 quae
1178 1646 1274 1709 ctiam
1302 1644 1334 1707 in

249 1744 673 1832 alterum-antigrapharum
694 1768 796 1831 genus
818 1746 1001 1832 quadraret.

332 1853 398 1915 iarn
413 1871 489 1914 uero
512 1848 554 1913 ad
569 1850 708 1934 Apaturi
727 1872 875 1915 caussam
889 1850 1056 1916 redeamus
1080 1861 1112 1916 et
1134 1873 1337 1938 quaeramus,

249 1977 347 2042 quam
375 1953 577 2041 potissimum
607 1954 765 2018 actionem
793 1955 970 2039 Apaturius
996 1953 1206 2020 Parmenonti
1234 1956 1336 2020 inten-

251 2060 341 2137 derit.
392 2056 532 2142 Apaturi
560 2076 707 2120 caussam
737 2079 809 2122 cum
834 2056 1058 2122 Parmenontis
1088 2059 1180 2143 quasi
1210 2057 1337 2144 copula·

251 2164 370 2228 tionem
394 2164 556 2246 quandam
570 2157 722 2225 habuisse
744 2182 785 2224 ex
807 2183 844 2225 eo
865 2160 1069 2245 intellegitur,
1091 2161 1177 2247 quod
1199 2159 1243 2226 ad
1263 2182 1337 2224 oon·

251 2266 441 2352 promissum
461 2269 574 2348 postea
595 2284 646 2327 res
663 2262 840 2329 adducitur.
877 2264 1041 2329 Arnoldus
1062 2265 1160 2348 igitur
1175 2262 1337 2345 Schaefer,

251 2371 307 2456 qui
337 2363 550 2452 antigraphen
579 2367 735 2431 intentam
767 2389 837 2433 esse
865 2388 930 2432 non
961 2367 1030 2431 sine
1059 2368 1203 2432 ueritatis
1234 2368 1339 2454 specie

253 2472 339 2553 dicit,
359 2471 399 2536 de
421 2470 548 2534 actione
567 2464 699 2554 βλάβης
721 2470 883 2556 cogitauit.
925 2471 1016 2556 atqui
1038 2470 1124 2556 quod
1146 2471 1250 2537 addit:
1282 2471 1337 2536 da·
1386 2478 1387 2483 ’
1451 2536 1454 2541 ,

250 2597 355 2661 gagen
383 2574 492 2657 bringt
522 2572 698 2659 Apaturios
728 2573 812 2638 auch
841 2575 1023 2638 seinerseits
1054 2575 1124 2639 eine
1151 2573 1249 2659 klage
1278 2576 1339 2654 ein,

252 2676 527 2744 vermutlich'eine
541 2675 745 2762 gegonklags
760 2672 990 2764 (ἀντιγραφή),
1012 2679 1061 2742 da
1083 2679 1144 2742 sic
1167 2679 1239 2742 das
1261 2701 1338 2744 von
1439 2743 1446 2753 χ

251 2781 483 2847 Parmenon
512 2779 787 2865 eingeleitete
815 2780 1046 2845 verfahren
1076 2780 1339 2869 suspendirt:

252 2884 458 2951 uehementer
487 2883 635 2969 equidem
655 2885 753 2949 miror
780 2884 866 2948 unde
888 2885 938 2948 uir
963 2883 1016 2949 ille
1036 2883 1149 2949 doctus
1175 2885 1338 2969 cognitum

252 2988 372 3054 habeat
394 2985 526 3052 dilatam
549 3009 620 3052 esse
639 2987 864 3053 Parmenontis
887 2988 1052 3053 actionem.
1097 2989 1231 3053 oratoris
1254 2987 1339 3052 enim

252 3091 352 3156 uerba
375 3100 449 3155 sunt
469 3088 565 3156 haec:
599 3088 641 3165 ὡς
671 3091 745 3180 δίκῃ
773 3086 881 3157 λύσων
903 3083 964 3157 τὸν
985 3091 1085 3177 ὅρκον
1105 3093 1340 3175 προσκαλεῖται

253 3188 315 3260 τὸν
331 3194 570 3278 Παρμένοντα·
592 3194 877 3271 ἐνεστηκυιῶν
898 3190 928 3259 δ’
955 3190 1102 3269 αὐτοῖς
1118 3194 1196 3259 τῶν
1217 3193 1339 3259 δικῶν

323 3450 350 3520 1)
368 3449 403 3504 cf.
414 3449 540 3503 Platner.
549 3450 582 3503 Π.
591 3466 656 3520 pag.
668 3451 733 3505 200:
747 3448 841 3507 feruor
852 3468 909 3505 war
922 3467 952 3504 es
964 3450 1118 3523 grundsata
1133 3449 1182 3503 des
1194 3448 1340 3503 Attischan

255 3537 360 3601 naehta,
389 3536 455 3590 dass
479 3538 539 3590 der
562 3535 692 3606 altger
710 3537 763 3597 als
785 3537 926 3593 solcher
950 3537 1053 3591 nicht
1069 3553 1186 3608 wegen
1205 3538 1267 3591 der
1285 3552 1341 3590 an-

254 3622 545 3694 schuldigungen
564 3624 625 3678 des
642 3623 837 3694 beklagten
860 3643 917 3678 aur
936 3621 1057 3698 ,strate
1076 3638 1240 3695 geaogen
1258 3639 1342 3678 wer-

253 3711 317 3763 den
335 3710 471 3764 kounte.
1184 3740 1188 3745 ·

321 3797 351 3867 2)
367 3811 432 3850 nam
446 3795 589 3867 [XXXX]
605 3796 629 3849 3.
657 3797 849 3865 ἀντειλήγαιι
861 3799 982 3869 positum
995 3802 1049 3853 est:
1061 3813 1118 3867 qua
1130 3812 1161 3851 re
1174 3795 1273 3867 negari
1286 3811 1342 3851 uon

255 3888 350 3954 potest
367 3883 408 3938 illi
428 3900 539 3955 quoque
556 3883 654 3954 generi
671 3900 834 3939 caussarum
855 3902 957 3939 nomen
974 3884 1155 3955 antigrapheo
1182 3883 1342 3954 impositum

254 3972 348 4026 luisse.
384 3987 436 4026 noc
451 3975 496 4032 ,est
513 3970 612 4024 mirum
635 3987 737 4026 nomen
756 3972 926 4045 ἀντιγραφῆς
943 3971 1027 4026 latius
1044 3970 1215 4026 manauissa:
1242 3984 1307 4024 nam
1325 3983 1344 4021 a

257 4058 346 4129 Lysia
363 4057 392 4114 in
405 4076 444 4115 or.
457 4055 552 4112 XXIII
565 4056 650 4112 etiam
661 4059 840 4130 paragrapho
853 4057 1033 4129 antigrapheo
1051 4058 1163 4112 nomine
1176 4055 1342 4127 appellatur.

254 4145 291 4202 cf.
311 4145 378 4216 Lys.
394 4144 498 4201 XXllI.
514 4147 547 4200 10
563 4151 610 4208 τῆς
627 4166 658 4198 τι
677 4143 893 4218 ἀντιγραφῆς
910 4150 1117 4212 ἕνεκαταατηοί
1133 4145 1167 4200 cl.
1180 4143 1199 4218 ξ
1212 4145 1238 4200 5.
1256 4141 1343 4206 αὐτὴν

254 4232 317 4304 (τὴν
336 4230 428 4304 δίκην)
448 4230 694 4303 ἀντεγράψατο
714 4232 758 4300 μὴ
778 4233 1021 4306 εἰσαγώγιμον
1038 4231 1144 4285 εἶναι.
