3060 4658
662 224 874 288 ...40-

228 424 230 429 ’
270 394 275 401 ’
309 396 541 463 consuetudine
565 396 756 465 testimoniis
784 396 942 460 instructa
964 401 1028 477 est,
1050 403 1086 459 ut
1107 393 1311 481 probationes

305 499 518 565 inartificialis
540 499 702 564 contineat
721 498 782 585 (4b
806 536 847 547 -
870 497 933 583 21).

244 604 289 692 Α)
300 604 483 669 narrantur
512 624 565 683 ea,
595 596 711 689 quibus
733 609 841 667 orator
862 596 1136 666 demonstraturus
1156 608 1205 666 est
1227 621 1312 665 com·

219 728 221 733 ·
270 720 275 729 ·
309 708 480 787 mercium,
519 704 606 791 quod
628 706 729 770 actori
751 727 823 770 cum
845 705 1003 792 Apaturio
1031 704 1143 787 fuerit,
1172 703 1312 770 solutum

238 810 241 815 ’
283 830 382 876 'esso
406 809 529 895 (cb-
553 807 615 894 12).

230 948 233 961 ι
313 918 344 996 1)
368 930 465 1000 quant
486 912 588 979 uitam
610 917 699 975 autor
721 911 831 994 egerit,
854 919 1039 998 antequam
1052 910 1246 999 Apaturium
1260 931 1312 975 eo-

368 1024 509 1102 gnossct‚
532 1015 703 1102 exponitur
725 1013 789 1099 (4b
811 1053 853 1062 -
874 1014 925 1099 bl:

246 1160 249 1169 ι
307 1148 310 1155 ’
368 1124 402 1201 a)
414 1119 597 1206 ‘septimum
609 1119 676 1182 iam
691 1139 760 1182 esse
775 1139 904 1199 annum,
920 1138 960 1180 ex
975 1137 1038 1203 quo
1050 1119 1204 1202 nauigare
1219 1116 1313 1181 desti-

392 1224 496 1287 ·terit
515 1221 599 1308 (41)).
653 1246 656 1251 ’

239 1346 251 1359 ’·
292 1346 296 1353 ’
365 1323 401 1411 b)
424 1334 499 1390 ante
527 1324 629 1389 illum·
645 1342 765 1388 annum
791 1323 910 1388 diutius
932 1345 1005 1389 eum
1027 1322 1114 1410 apud
1137 1321 1314 1408 Byzantios

424 1437 654 1495 commoratum
665 1447 745 1508 esse,
756 1434 792 1489 ut
806 1426 1052 1490 familiarissime
1063 1426 1108 1491 eis
1118 1446 1196 1489 usus
1208 1425 1249 1488 sit
1259 1423 1314 1511 (5).

315 1550 348 1636 2)
372 1549 428 1635 qui
449 1548 571 1613 factum
593 1547 643 1625 sit,
664 1554 701 1610 ut
716 1547 817 1611 actori
831 1567 903 1610 cum
918 1547 1077 1633 Apaturio
1092 1548 1315 1611 commercium

371 1651 471 1730 fieret,
491 1660 643 1714 narratur
665 1648 698 1734 (6
711 1687 750 1696 -
763 1649 812 1735 8);

297 1799 299 1809 ·
372 1754 406 1840 a)
428 1754 625 1839 apronium
651 1750 695 1819 ab
717 1773 753 1816 eo
775 1753 910 1839 petisse,
940 1760 977 1817 ut
997 1749 1099 1818 XXX
1129 1752 1191 1819 sibi
1211 1755 1315 1819 minas

421 1865 552 1923 mutua's
570 1854 663 1923 daret
685 1853 741 1940 (6),

367 1960 402 2046 b‘)
425 1968 576 2040 uotorum,
591 1978 664 2029 cum
678 1958 748 2044 ipse
762 1957 932 2043 pecuniam
946 1981 1010 2024 non
1023 1959 1198 2042 habuisset,
1210 1958 1314 2025 Hera-

423 2061 525 2125 clidae
555 2061 738 2144 argentario
767 2060 920 2148 praedem
949 2061 1070 2127 factum
1097 2085 1167 2129 esse
1188 2062 1317 2128 illarum

395 2226 400 2237 ,
422 2162 526 2227 XXX
547 2163 707 2229 minarum
729 2162 813 2249 (la),

370 2285 401 2372 c)
425 2293 568 2359 actorem
586 2284 724 2368 ,Apaturi
750 2283 785 2347 in
807 2285 1015 2370 suspitionem
1035 2286 1189 2374 perfidiae
1210 2288 1318 2353 uocati

423 2404 547 2452 nauem,
561 2394 726 2451 useruos
748 2386 898 2452 simulata
919 2390 1078 2474 emptione
1097 2391 1159 2455 sibi
1172 2388 1316 2455 uindica-

412 2490 523 2581 uisse‚
549 2488 627 2554 dum¹
653 2498 685 2553 et
713 2488 816 2554 XXX
844 2490 918 2555 illae
944 2494 1052 2559 minae
1081 2502 1114 2558 et
1136 2492 1168 2557 X
1200 2493 1318 2574 minae,

423 2613 503 2679 quas
540 2614 561 2656 a
587 2590 803 2657 Parmenonte
831 2593 1008 2679 Apaturius
1047 2604 1212 2661 mutuatus
1241 2604 1318 2677 erat,

315 2780 317 2789 ‚
407 2686 639 2763 «redderentur.
661 2694 692 2780 (7
700 2694 730 2761 b.
754 2695 796 2780 8).

550 2934 755 2988 TESTIMONIA
773 2938 993 2992 uncmnurvn.
1026 2964 1031 2969 ·

314 3059 348 3146 3)
371 3079 467 3146 quom
498 3052 541 3121 ad
578 3052 710 3123 modum
744 3059 969 3124 commercium
999 3059 1079 3126 illud
1108 3063 1246 3130 solutum
1277 3065 1318 3129 sit

371 3168 523 3227 narrmur
544 3159 578 3245 (9
601 3193 642 3223 τ-
666 3159 729 3246 12).

369 3280 402 3367 a)
424 3280 633 3367 Apaturium‚
663 3299 737 3345 cum
758 3278 951 3346 Heraclidae
978 3285 1195 3368 argentariam
1217 3285 1319 3351 disso-

421 3383 524 3455 lutam
553 3382 863 3468 esseeonperisset‚
888 3407 1005 3452 nauem
1033 3394 1065 3451 et
1095 3409 1205 3451 seruos
1228 3390 1315 3475 oppi-

423 3495 575 3574 gneratos
591 3483 789 3553 subducendi
805 3498 955 3555 conatum
970 3489 1093 3572 fecisse,
1115 3491 1148 3553 in
1167 3512 1229 3575 quo
1245 3514 1318 3556 eum

425 3612 445 3657 a
467 3589 684 3659 Parmenonte
704 3587 900 3674 prohibitum
923 3613 994 3656 esse
1016 3591 1072 3677 (9).

258 3722 260 3727 ’
369 3692 403 3779 b)
425 3712 523 3780 qaam
545 3691 587 3759 ob
608 3713 676 3757 rom
698 3700 840 3757 actorem
854 3715 971 3758 nauem
986 3693 1197 3761 creditoribus
1212 3694 1315 3760 Hera-

424 3795 527 3861 clidae
556 3794 745 3876 tradidisse,
775 3809 885 3861 seruos
911 3805 1019 3861 autem
1042 3796 1102 3862 sibi
1126 3798 1316 3880 uindicasse,

426 3898 453 3966 si
475 3898 553 3987 quid
576 3897 701 3962 deesset
723 3896 800 3985 (10).

369 4000 401 4091 c)
423 4001 560 4068 eundem
581 4000 721 4089 Apaturi
755 4002 904 4067 conuitiis
940 4002 1018 4068 nihil
1052 4014 1175 4087 mptum
1199 4026 1316 4073 nauem

423 4105 560 4173 XXXX
591 4106 687 4173 minis
718 4103 919 4187 uendidisse,
947 4115 982 4175 ut
1004 4116 1036 4181 et
1057 4104 1266 4177 Parmenonti
1285 4118 1318 4173 et

426 4206 618 4277 Heraclidae
633 4207 850 4275 creditoribus
861 4209 941 4275 satis
961 4209 1083 4277 factum
1097 4214 1138 4278 sit
1152 4212 1214 4299 (11.
1232 4212 1315 4298 raa).
