3060 4658
704 295 914 361 ..74-

267 459 297 543 4,
322 461 381 542 13,
404 455 503 550 Ιύβρει
525 463 583 529 καὶ
605 467 739 550 λπηρείρι
760 465 953 536 XXXVIII.
976 468 1035 549 31,
1064 464 1283 554 ἀναισχυντία
1305 468 1361 533 καί

268 558 377 646 τόλμα
398 563 632 633 XXXVIIII)
653 567 692 633 cl.
713 570 822 636 LIIII.
838 572 890 649 37,
911 570 1016 636 LVII.
1032 574 1062 653 6,
1082 570 1151 637 οὔτ’
1173 564 1359 636 δναιδεστύ·

266 687 330 751 ραν
366 655 441 730 ούτε
478 679 815 757 συκοφαντικωτέραν
851 672 1031 743 XXXVII.
1061 676 1099 755 3,
1133 668 1275 757 πλάσμα
1303 675 1359 739 καὶ

266 762 458 853 σκευώρημα
480 769 639 838 XXXVI.
662 774 721 852 33,
747 775 849 859 λόγον
870 777 927 841 καὶ
949 779 1177 865 συκοφαντίας
1199 774 1357 841 XXXVI.

267 873 324 954 60,
355 866 541 940 πλάττουσι
572 877 628 940 καὶ
649 872 839 962 παράγουσι
858 879 1053 946 XXXVIII.
1076 882 1113 963 9,
1142 879 1359 967 βλασφημίας

266 977 343 1066 λίγη
371 977 428 1041 καὶ
449 975 622 1070 κακολογῇ
641 977 801 1046 XXXVI.
823 983 878 1062 61,
909 983 1041 1071 ἔχθρας
1065 984 1121 1048 καὶ
1142 981 1360 1068 βλασφημίας

266 1078 478 1145 XXXVIIII.
501 1082 558 1158 11,
586 1076 647 1158 τοῖς
677 1084 843 1174 λοιδορίας
873 1087 930 1152 καί
960 1087 1071 1160 αίτίας
1092 1083 1197 1152 LVII.
1223 1081 1272 1164 17,
1294 1083 1360 1150 λαα

266 1182 473 1265 δορηθλντος
494 1184 550 1248 καὶ
572 1187 773 1262 κακίσαντος
795 1187 949 1266 LIIII.'5,
971 1184 1118 1274 ἡλχθρα
1132 1188 1189 1255 καὶ
1205 1181 1250 1252 τολ
1261 1204 1359 1268 σροσ·

267 1277 462 1371 κρούσματα
493 1285 599 1352 LIIII.
623 1289 661 1370 3,
690 1282 772 1374 ὀργὴ
794 1290 850 1355 καί
872 1284 983 1378 ἔχθρα
1004 1289 1112 1356 LIIH.
1134 1290 1164 1368 6,
1184 1286 1360 1375 ύβρισθδὶσ
1469 1326 1474 1347 ¹

269 1380 476 1453 καλπαθῶν
498 1387 643 1457 τοιαῦτα
665 1391 772 1459 LIIII.
798 1396 824 1471 1,
847 1390 1032 1475 ἠδικῆσθαι
1053 1394 1110 1458 καὶ
1131 1389 1359 1477 παρανενομῆ-

268 1492 359 1558 σθαι
386 1490 493 1556 LIIII
518 1493 552 1572 2,
578 1486 663 1575 μήτε
692 1497 880 1584 φοβεῖσθαι
906 1491 980 1580 μήτ’
1007 1487 1230 1581 αλσχύνεσθαι
1253 1492 1360 1561 LIIII.

267 1596 329 1677 23,
358 1593 396 1661 ol.
419 1593 593 1662 XXXVII
616 1596 675 1678 58,
704 1591 912 1684 εχθρδνκαὶ
933 1593 1098 1686 διάφορον
1119 1596 1297 1665 XXXVII.
1321 1599 1360 1662 15

268 1697 309 1765 of.
332 1691 490 1777 συνήθως
511 1703 594 1784 ἔχων
616 1701 674 1769 καὶ
695 1695 859 1785 γνῶρεμος
880 1692 928 1767 όν
949 1699 1129 1769 XXXVII.
1152 1700 1204 1784 26,
1226 1697 1293 1765 τῶν
1314 1703 1359 1764 ολ-

269 1802 363 1867 κείων
384 1802 440 1865 καὶ
463 1802 571 1886 φίλων
591 1801 697 1871 LIIII.
723 1805 751 1869 1.

355 1903 391 1991 b)
413 1907 561 1970 notiones
590 1906 744 1991 precandi
772 1905 958 1994 postulandi
985 1904 1177 1973 lmrimandi
1199 1905 1361 1977 clamandi

270 2005 493 2093 duplicantur:
523 2006 627 2074 δεῖται
655 2010 711 2074 καὶ
733 2000 866 2077 ἱκετεύει
884 2009 942 2075 καὶ
963 2004 1054 2088 ἀξιοῖ
1073 2009 1233 2077 XXXVI.
1256 2010 1297 2075 57
1322 2010 1360 2076 ol.

269 2109 446 2179 XXXVII.
479 2113 536 2192 14,
565 2111 691 2196 δίομαι,
706 2112 763 2176 καὶ
786 2105 915 2177 ἱκετεύω
934 2113 990 2177 καὶ
1013 2107 1181 2195 ἀντιβολῶ
1201 2099 1307 2177 LVII.
1333 2115 1361 2193 1,

268 2208 400 2279 ἱκετεύω
422 2214 480 2279 καὶ
501 2209 667 2297 ἀντιβολῶ
689 2213 792 2280 LVII.
816 2215 866 2297 70,
887 2209 971 2295 σ’τξιῶ
992 2217 1048 2280 καὶ
1071 2214 1186 2297 δέομαι
1209 2213 1362 2293 L111L2.

270 2312 416 2395 δεήσεται
453 2318 509 2382 καὶ
546 2311 695 2395 κλαιήσει
725 2315 834 2383 LIIII.
856 2317 916 2396 43,
943 2316 1095 2402 δακρύειν
1121 2317 1178 2381 καί
1206 2309 1362 2392 ἐλεεινοὺς
1503 2392 1505 2399 ,

271 2415 393 2495 αύτούς
408 2430 514 2487 πωεῖν
528 2419 723 2487 XXXVIII.
735 2422 786 2502 27,
801 2415 954 2503 δακρύων
963 2420 1021 2487 καὶ
1032 2420 1157 2484 κλαίειν
1168 2418 1362 2487 XXXVIII

271 2523 322 2602 27,
345 2514 514 2599 κλαιήσειν
535 2526 591 2591 καί
613 2520 811 2609 ὀδυρεῖσθαι
832 2521 1009 2591 XXXVII.
1031 2523 1082 2601 48,
1105 2523 1202 2612 κλαίη
1215 2524 1274 2587 καί
1287 2518 1362 2589 δδύ·

129 2646 135 2650 ’
268 2647 368 2711 ρηται
383 2625 595 2693 XXXVIIII.
611 2629 662 2709 35,
684 2618 812 2710 κραυγὴ
826 2627 883 2691 καὶ
898 2622 1049 2710 θόρυβος
1063 2624 1215 2707 611116,
1235 2621 1363 2711 κραυγὴ

217 2775 221 2782 .
268 2729 324 2792 καὶ
353 2725 420 2812 βοή
449 2729 556 2795 LIIII.
584 2731 604 2795 9
634 2730 663 2795 I
691 2731 741 2794 20.
765 2728 850 2793 addo
876 2728 1022 2812 βοηθεῖν
1050 2728 1108 2793 καὶ
1137 2727 1250 2793 δίκαια
1279 2722 1362 2793 σἰπο·
1504 2724 1505 2727 '

269 2828 386 2897 δοῦναι
408 2830 518 2902 LIIII.
540 2833 592 2911 42,
614 2832 761 2916 βοηθεῖν
782 2832 839 2896 καὶ
861 2825 974 2909 σύζειν
996 2830 1100 2898 LVII.
1123 2830 1152 2898 3.

356 2943 384 3014 τ)
408 2936 510 3005 uerba
540 2935 700 3003 sentiendi
729 2946 762 3001 et
784 2933 969 3002 declarandi
992 2933 1196 3021 duplicantur
1208 2934 1246 3020 ¹),
1276 2934 1362 3021 quod
1503 2960 1504 2965 ¹

269 3038 399 3126 quidem
427 3062 531 3125 genus
558 3041 593 3105 in
624 3038 824 3107 orationibus
853 3038 990 3127 priuatis
1011 3039 1116 3105 rarius
1138 3044 1189 3103 est
1209 3057 1308 3123 quam
1328 3038 1362 3105 in

161 3225 163 3228 y
269 3141 470 3209 orationibus
499 3142 652 3229 publicis:
683 3144 786 3225 λέγειν
816 3142 873 3206 καί
902 3132 1069 3208 διδύσκειν
1095 3136 1183 3225 ὑμᾶς
1203 3139 1361 3208 XXXVI.
1503 3164 1504 3217 3

271 3247 305 3323 1,
335 3247 439 3330 λέγειν
461 3248 518 3312 καὶ
540 3238 763 3311 ἐπιδεικνύναι
785 3254 904 3328 σημεῖα
925 3243 1087 3309 XXXVI.
1105 3245 1169 3322 12,
1184 3234 1254 3309 οὔτ’
1275 3240 1363 3309 εἶπεν
1503 3258 1504 3313 ἶ

267 3347 338 3412 οὔτ’
360 3341 529 3432 ᾐτιάσατο
552 3358 585 3413 et
606 3345 648 3414 ού
668 3342 894 3434 κατηγόρησα
916 3342 983 3415 ούδ
1007 3340 1172 3437 ᾐτιάσατο
1191 3344 1295 3413 LVII.
1311 3347 1362 3425 26,

171 3504 175 3511 .
270 3442 389 3525 είδότες
412 3450 468 3515 καὶ
489 3442 726 3535 μεμαθηκότες
747 3447 909 3517 XXXVI.
935 3455 968 3530 l,
994 3445 1213 3519 ἀκοῦσαικαὶ
1235 3451 1362 3533 μαθεῖν

270 3552 432 3621 XXXVI.
444 3553 476 3634 4,
490 3546 683 3639 γιγνώσκειν
697 3554 754 3618 καὶ
768 3558 914 3620 συνιέναι
928 3551 1103 3619 XXXVII
1115 3551 1167 3630 34,
1182 3545 1222 3615 ού
1233 3551 1363 3628 λίληθα

271 3649 416 3740 ἐμαυτὸν
444 3653 513 3725 οὐδ’
545 3651 655 3741 ύγνοῶ
686 3654 864 3725 XXXVII
893 3657 951 3739 55,
981 3654 1117 3722 σκοπῶν
1146 3654 1202 3718 καὶ
1225 3651 1362 3739 θεωρῶν

271 3758 465 3826 XXXVIII
489 3763 536 3827 11.

356 3863 454 3931 etiam
481 3865 515 3929 iu
543 3863 688 3933 oratione
718 3861 871 3928 XXXIII
901 3860 1003 3929 uerba
1031 3858 1262 3946 cognominata
1286 3880 1360 3945 οσο-

269 4030 479 4041 a————.

342 4124 370 4195 1)
388 4140 445 4180 non
463 4140 530 4180 οστο
548 4138 597 4178 eos
614 4121 700 4189 ίοαοτ,
718 4120 820 4194 quibus
839 4117 1069 4190 unumquodque
1086 4116 1204 4175 uerbum
1221 4114 1360 4172 obiectum

270 4210 370 4267 habet:
397 4210 489 4284 qualis
507 4215 551 4266 est
568 4208 708 4265 XXXIII.
733 4208 779 4263 162
805 4204 902 4273 ἐπειδὴ
923 4207 978 4279 γὰρ
1001 4207 1136 4282 ᾔσθετο
1160 4201 1361 4277 δμογνῶμοναε

270 4299 353 4357 ὄντας
364 4304 412 4370 ἐμὲ
424 4306 472 4354 καὶ
485 4300 538 4364 τὸν
554 4295 705 4362 Φώκριτον
716 4300 765 4348 καί
783 4298 870 4367 ἔγνω
884 4290 1152 4361 καταδιαιτήσοντας
1169 4289 1241 4361 ημᾶς
1252 4293 1361 4347 ίαυταύ.
