3060 4658
712 315 923 386 ...64-

276 488 363 575 apud
377 487 630 556 Demosthenem
652 489 716 557 alio
737 488 811 554 loeo
832 510 899 555 non
920 492 1087 580 reperitur,
1108 513 1169 560 nee
1185 500 1293 559 tamen
1308 501 1369 574 est,

274 593 360 678 quod
382 592 465 658 alius
487 594 653 681 seripturis
674 612 805 659 menum
828 613 888 657 uos
910 593 1159 683 deprehendisse
1182 595 1369 681 gloriemur.

272 690 306 758 id
328 695 415 783 quod
437 696 533 762 faeile
554 696 615 762 tibi
636 694 850 783 persuaseris,
879 695 979 763 sime
1002 697 1042 764 de
1064 699 1133 765 eius
1157 699 1245 778 modi
1265 700 1367 786 perti·

271 798 351 863 culis
381 800 610 865 enumeretiuis
640 838 683 849 —
714 799 744 891 si
773 797 834 863 hoo
859 799 1050 866 uooaeulum
1075 823 1200 868 nouare
1219 801 1296 868 lieet
1325 838 1367 851 -

271 902 457 968 aoouratius
488 903 706 990 disputantem
728 901 879 970 audIerie.
929 904 976 969 ite
998 913 1106 971 autem
1128 904 1369 993 disputabunt

270 1026 312 1070 ex
341 1006 541 1072 orationibus
571 1004 831 1073 Demostheniois
866 1008 973 1072 omnio
1005 1029 1225 1099 quaecumque
1257 1008 1369 1074 dedita

270 1129 369 1195 opera
400 1108 461 1174 hos
500 1107 600 1175 lihros
628 1109 829 1196 perlustrans
860 1111 1058 1197 inuestigare
1091 1112 1184 1198 potui
1220 1111 1369 1198 exemplo

268 1232 466 1301 proponam,
496 1232 537 1276 ex
566 1212 761 1300 reliquorum
787 1233 865 1279 uero
895 1223 1057 1280 oratorum
1089 1214 1182 1280 Iihris
1211 1223 1370 1302 quotquot

270 1315 349 1381 mihi
372 1316 568 1383 eolleotsnea
588 1337 663 1382 mea
684 1315 937 1403 suppeditabunt
959 1317 1046 1384 looos
1068 1318 1244 1403 adiungam
1257 1318 1291 1404 1).

357 1420 561 1486 notissimum
582 1421 687 1487 estin
708 1419 937 1487 enumerandis
959 1419 1058 1486 rebus
1079 1419 1214 1506 πρῶτον
1235 1425 1297 1506 μέν
1311 1441 1369 1486 uo·

271 1520 395 1589 oabulis
427 1522 623 1611 respondere
649 1543 715 1588 non
744 1519 816 1587 rire
837 1523 876 1589 δέ
894 1530 951 1587 eut
973 1525 1087 1590 ἔπειτα
1109 1524 1151 1605 dt,
1174 1522 1230 1588 sed
1253 1526 1367 1588 euersa

270 1625 323 1690 uel
350 1621 424 1691 εἶτα
452 1624 610 1714 particula
641 1625 850 1691 aduersatiua
871 1626 1000 1696 omissa.
1027 1627 1066 1692 ef.
1087 1624 1189 1692 Rehd.
1212 1625 1279 1693 ind.
1301 1625 1368 1693 De·

269 1728 384 1796 mosth.
407 1727 451 1793 II.
472 1750 549 1816 pag.
572 1728 646 1811 953,
667 1727 835 1796 Kuehneri
857 1739 917 1799 art
934 1730 975 1796 H.
997 1731 1023 1817 5.
1039 1730 1112 1800 531.
1136 1732 1164 1814 1,
1187 1726 1368 1817 51198137,

269 1831 432 1918 Kruegeri
453 1841 513 1899 art.
536 1840 560 1898 1.
583 1833 633 1897 60.
658 1832 709 1900 94.
734 1835 763 1901 1.
787 1842 836 1898 est
859 1843 983 1899 autem:

356 1937 387 2021 Ι)
417 1933 550 2019 πρῶτον
577 1936 640 2019 μὲν
668 1972 710 1985 -
740 1931 864 2021 eleae:
893 1936 934 2003 II.
966 1938 1011 2017 1,»
1031 1935 1109 2004 1111.
1138 1938 1178 2004 16
1207 1936 1369 2025 (sequitur

272 2033 356 2124 πρὸς
378 2039 413 2103 δὲ
436 2039 592 2124 τούτοις),
618 2038 711 2108 XVI.
734 2038 784 2118 96,
815 2038 942 2104 XVIII.
965 2039 1008 2104 55
1029 2039 1064 2105 in
1086 2039 1170 2107 deor.
1194 2041 1297 2128 (sequ.
1320 2044 1369 2105 tin

272 2143 334 2227 dt),
367 2144 440 2223 105,
464 2143 535 2223 110,
558 2141 631 2226 176,
653 2141 733 2222 938,
760 2141 977 2220 1111111139,
1002 2141 1073 2224 137,
1097 2142 1167 2225 141,
1191 2144 1264 2227 176,
1291 2142 1368 2209 XX.

271 2245 322 2329 95,
345 2245 417 2327 197,
441 2243 501 2310 141
527 2245 629 2331 (sequ.
651 2237 736 2332 πρὸς
759 2245 793 2310 δὲ
808 2239 966 2331 τούτοις),
988 2243 1081 2312 XXI.
1098 2246 1148 2331 79,
1164 2249 1236 2328 155,
1257 2247 1368 2314 ΧΧ11.

270 2350 322 2428 39,
342 2348 397 2431 43,
418 2346 548 2416 XXIII.
569 2349 623 2428 40,
637 2347 689 2429 67,
704 2349 747 2414 84
768 2351 871 2436 (sequ.
893 2340 977 2433 πρὸς
992 2349 1025 2413 dt
1039 2342 1198 2438 τούτοις),
1219 2348 1367 2418 XXIIII.

271 2453 292 2515 9
306 2452 410 2539 (sequ.
426 2446 509 2536 πρὸς
522 2451 556 2516 δὲ
566 2446 722 2537 τούτοις),
735 2455 786 2529 18,
799 2453 849 2532 19,
858 2453 910 2534 48,
923 2448 1098 2538 [XXXX]
1112 2454 1163 2535 99,
1173 2452 1367 2520 XXXVIII.

271 2556 301 2636 9,
324 2554 532 2641 [XXXXV]
556 2557 585 2637 1,
607 2552 763 2641 [LVIII]
779 2556 810 2637 5,
826 2558 855 2635 7,
879 2556 1003 2642 [epist]
1027 2557 1055 2623 9.
1079 2556 1129 2638 14,
1150 2555 1246 2622 319.
1282 2556 1365 2639 Isae.

271 2658 331 2727 III.
363 2662 398 2740 8,
424 2660 467 2724 66
496 2654 716 2746 (sequuturis
742 2659 777 2723 δὲ
798 2654 954 2745 τούτοις),
976 2659 1016 2725 V.
1038 2660 1069 2729 2.
1120 2659 1272 2726 addenda
1294 2667 1368 2726 sunt

222 2843 226 2850 “
345 2850 373 2922 1)
392 2864 450 2903 non
472 2844 601 2901 inutilem
623 2842 685 2899 fore
709 2842 784 2899 hane
807 2858 826 2897 a
846 2844 993 2917 proposito
1018 2846 1146 2902 oratione
1164 2845 1366 2919 digressionem

273 2934 342 2990 mihi
359 2928 526 3007 persuasum
545 2937 599 2987 este
618 2947 674 2986 non
695 2930 769 2987 enim
786 2930 915 2987 omnibus
930 2932 981 2987 hae
999 2948 1044 2988 res
1062 2938 1145 2990 notas
1164 2948 1225 2989 esse
1244 2933 1366 3005 eognoui

272 3039 307 3077 ex
333 3021 378 3078 W.
402 3018 579 3077 Bohrmanni
602 3018 814 3086 dissertatione,
841 3035 899 3092 qua
923 3019 1081 3090 quaeritur,
1115 3020 1206 3075 oratio
1232 3024 1369 3090 quaeest

274 3116 374 3165 oontm
392 3110 582 3164 Macartatnm
600 3123 667 3161 num
678 3104 878 3161 Demosthenis
896 3122 958 3163 esse
979 3106 1132 3161 iudicanda
1150 3106 1195 3174 sit,
1214 3105 1367 3179 Gottingae

273 3199 351 3260 1875,
370 3195 421 3251 uhi
439 3211 505 3268 pag.
523 3197 558 3251 59
575 3194 659 3249 heee:
679 3193 790 3261 ,deinde
809 3206 865 3249 non
882 3198 927 3247 est
943 3197 1050 3249 reetnm
1068 3192 1145 3264 quod
1160 3191 1230 3247 dieit
1247 3193 1368 3265 scriptor

272 3289 391 3356 πρῶτον
407 3287 474 3351 μιν,
505 3298 569 3338 eum
587 3296 662 3352 quse
678 3281 851 3353 respondeat
867 3279 1010 3353 partiente
1029 3276 1060 3332 δι’
1076 3278 1183 3334 trustra
1199 3296 1320 3351 quaeres
1337 3279 1367 3333 in

272 3372 313 3426 eis
329 3385 403 3441 quae
414 3373 556 3427 secuntur.
592 3368 644 3424 sed
658 3375 710 3424 aut
728 3368 879 3424 dicendum
889 3372 952 3423 erat
964 3367 1078 3438 dempta
1089 3366 1230 3438 partioula
1241 3374 1366 3440 πρῶτον,

272 3462 387 3520 ἔπειτα,
413 3462 463 3511 eut
479 3456 628 3528 particulis
647 3455 752 3516 additis
771 3460 888 3526 πρῶτον
909 3459 961 3522 μὲν
984 3492 1044 3511 ...
1068 3458 1166 3507 ἔπειτα
1186 3451 1216 3506 dd
1234 3458 1366 3523 καὶπερὶ

271 3550 332 3599 τῶν
344 3544 489 3599 ἁπάντων.
525 3543 626 3597 eadem
643 3540 776 3598 orationis
789 3541 981 3598 inconstantia
998 3540 1126 3595 inhaeret
1137 3540 1319 3612 paragrapho
1331 3539 1365 3595 36

272 3630 365 3701 [immo
376 3628 432 3704 35],
451 3646 509 3701 qua
525 3629 657 3701 legimus:
676 3631 870 3703 dvaylyuesone
887 3629 936 3685 vde
946 3630 1100 3700 euprepiae
1119 3627 1168 3683 τὰς
1183 3626 1363 3692 ὑπολοίπους,

272 3725 389 3789 πρῶτον
405 3722 458 3788 μὲν
477 3716 575 3771 ὅτι-
594 3723 694 3771 ἔπειτα
711 3717 761 3773 τὰς
779 3714 863 3773 ditae
880 3757 887 3771 .
905 3758 913 3772 .
932 3715 948 3768 ·‘

341 3806 369 3877 9)
388 3811 506 3877 πρῶτον
523 3805 576 3873 μέν
593 3835 628 3845 -
646 3800 780 3878 δεύτερον
792 3799 831 3872 δέ,
849 3803 927 3875 quod
944 3800 983 3856 ad
999 3800 1238 3859 enumerationem
1255 3802 1366 3874 ephesi*

273 3909 348 3947 mum
366 3893 494 3963 uidetur,
521 3890 615 3947 minus
640 3907 726 3964 saepe
750 3889 828 3961 apud
851 3888 1067 3944 Demosthenem
1089 3893 1144 3945 est:
1171 3886 1365 3958 51711143,

270 3976 329 4052 [n]
352 3982 394 4050 ιι,
411 3978 533 4035 xvuu.
554 3980 572 4033 4
597 3977 735 4051 (aeuitur
760 3981 859 4048 τριτιι
881 3972 919 4045 οι,
945 3976 1017 4043 μοι
1039 3977 1150 4049 ηοω),
1173 3974 1240 4030 xx.
1262 3977 1305 4043 ιο,
1322 3977 1382 4043 ιο,
1433 3962 1436 3967 ’

272 4065 381 4120 ΧΧΙΙΙ.
400 4067 444 4133 70,
462 4067 494 4121 71
515 4071 603 4136 (sequ.
621 4070 719 4139 τρίτον
737 4060 787 4132 δέ),
807 4060 929 4116 XXIIII.
946 4064 982 4119 90
998 4068 1087 4135 (sequ.
1106 4063 1177 4138 πρὸς
1194 4060 1225 4116 δὲ
1237 4061 1366 4132 τούτοις),

275 4149 442 4224 [XXVIHL]
467 4153 502 4206 16
524 4151 614 4222 (sequ,
640 4158 683 4205 trs
708 4148 760 4220 δι’),
786 4150 842 4214 33,
856 4148 994 4207 XXXVI.
1018 4152 1050 4205 19
1076 4152 1166 4221 (nequ.
1192 4154 1290 4222 τρίτον
1316 4145 1365 4220 de),

275 4236 501 4309 [XXXXVIIIIJ
521 4239 565 4303 90,
585 4235 687 4310 [epist]
708 4241 731 4292 1.
743 4240 772 4306 5,
788 4236 814 4289 3.
828 4236 872 4302 31,
890 4237 926 4291 ef.
946 4241 977 4289 ἓν
989 4240 1047 4303 μὲν
1065 4233 1365 4309 πρῶτον-δεύτερον

273 4324 304 4377 δέ
326 4325 355 4378 V.
375 4328 409 4381 13
426 4332 456 4379 et
474 4328 593 4394 πρῶτον
604 4329 655 4391 μὲν
664 4353 695 4364 -
705 4321 824 4395 ὕστερον
843 4319 876 4375 de'
891 4323 1043 4394 Hegeeipp.
1056 4324 1092 4376 de
1102 4322 1222 4379 Halosin.
1241 4319 1322 4392 [VII.]
1341 4324 1366 4378 1.

1504 2704 1506 2843 i

1500 2900 1505 3093 ΙΙ
