3060 4658
597 299 804 362 -41-

302 467 335 554 d)
358 469 580 535 commercium
607 479 676 534 tum
704 488 745 534 ex
774 467 900 553 legibus
929 465 1116 555 syngrapha
1137 487 1245 532 coram

356 570 464 637 multis
485 570 621 637 testibus
644 571 750 638 delete
771 570 910 637 solutum
931 593 1003 637 esse

407 690 625 742 rnsmuonus
654 675 871 764 conprobatur
894 675 998 762 (ltb).

179 777 220 866 Β)
242 786 415 844 narrantur
429 800 478 863 sa,
494 779 610 865 quibus
626 788 734 844 orator
749 779 944 866 probaturus
959 789 1008 845 est
1019 784 1133 868 postea
1147 775 1248 840 actori

240 904 314 949 cum
337 884 496 969 Apaturio
525 884 751 963 commercium
774 882 897 949 nullum
918 882 1019 948 fuisse
1041 880 1096 966 (13
1120 917 1159 929 -
1183 878 1246 966 21).

243 985 274 1071 1)
298 985 352 1071 qui
381 986 501 1052 factum
531 988 585 1068 sit,
612 996 649 1051 ut
670 985 829 1051 diaetetae
853 986 1055 1071 eligerentur,
1081 983 1136 1071 qui
1158 982 1246 1049 litem

298 1091 381 1154 inter
395 1089 643 1155 Parmenontem
664 1098 697 1154 et
711 1090 906 1177 Apaturium
925 1100 1029 1157 ortam
1044 1066 1246 1153 diudicarent

299 1192 354 1279 (13
376 1229 415 1239 ·-
441 1192 504 1278 15).

294 1295 327 1381 a)
350 1293 598 1360 Parmenontcm
620 1292 779 1381 Apaturio
806 1294 964 1360 actionem
985 1295 1175 1359 iniuriarum
1196 1292 1243 1357 in-

346 1397 489 1464 tendisse
511 1396 552 1462 ob
576 1396 721 1478 uerbera,
735 1397 863 1485 quibus,
879 1420 951 1463 cum
965 1397 1075 1463 furtim
1090 1396 1245 1481 aufugere
1343 1476 1345 1481 ,

350 1523 423 1567 eum
445 1501 636 1590 prohiberet,
657 1523 829 1587 percussus
852 1510 937 1567 esset
959 1501 1064 1588 (Ra).

293 1606 329 1694 b)
352 1626 392 1670 ea
418 1605 452 1668 in
483 1606 609 1671 actione
630 1605 825 1693 Apaturium
854 1607 904 1670 ius
929 1604 1101 1671 iurandum
1124 1627 1145 1668 a
1165 1601 1244 1666 Par-

346 1718 496 1774 menonte
532 1707 675 1774 oblatum
706 1729 740 1773 se
771 1710 953 1776 iuraturum
981 1709 1119 1797 pecunia
1147 1708 1243 1771 inter-

351 1811 458 1897 posita
480 1810 657 1896 pollicitum
679 1833 750 1877 esse

443 1929 653 1980 rusrmoruo
675 1914 831 2003 probatur
853 1915 907 2002 (13
915 1913 960 2002 b).

299 2015 331 2101 c)
353 2016 548 2103 Apaturium
576 2026 684 2083 autem
706 2020 861 2102 ueritum,
882 2042 923 2085 ne
954 2009 981 2085 si
1002 2018 1054 2084 ius
1075 2015 1247 2082 iurandum

349 2119 429 2185 illud
465 2121 651 2187 aduersario
686 2123 845 2205 dedisset,
882 2122 1003 2209 periuri
1032 2126 1246 2199 mensuretur,

350 2223 477 2289 actione
507 2233 620 2291 contra
646 2226 771 2292 intenta
801 2220 960 2307 effecisse,
989 2234 1025 2290 ut
1045 2245 1181 2290 caussae
1202 2221 1246 2287 ad

350 2325 506 2392 diastetas
528 2326 731 2394 deferrentur
746 2330 823 2416 (14).

294 2428 329 2515 d)
353 2429 540 2518 syngrapha
561 2431 602 2497 de
624 2432 732 2500 diaeta
753 2433 978 2500 constituenda
998 2439 1152 2497 statutum
1173 2450 1245 2495 esse

349 2541 385 2597 ut
413 2544 480 2600 tres
509 2535 669 2603 diaetetas
695 2559 760 2603 una
786 2536 973 2602 iudicarent.
1025 2532 1245 2621 syngrapham

351 2634 455 2722 ipsam
469 2640 572 2725 primo
589 2641 675 2725 apud
689 2640 876 2707 Phocritum
891 2638 1007 2705 deinde
1018 2638 1105 2725 apud
1120 2637 1244 2701 Aristo·

349 2737 439 2822 clem,
453 2761 588 2826 quorum
602 2752 737 2830 uterque
756 2743 870 2809 arbitri
890 2763 1024 2808 munere
1038 2739 1244 2826 fungebatur,

350 2841 529 2929 depositam
549 2865 619 2909 esse
642 2846 720 2932 (15).

385 2959 593 3011 rnsrmoms
619 2962 850 3029 nummum,
880 2946 995 3033 quibus
1024 2945 1182 3033 probatur
1212 2953 1244 3009 et

386 3049 606 3135 syngrapham
636 3049 724 3135 apud
746 3049 937 3117 Aristoclem
966 3050 1145 3138 depositam
1173 3068 1244 3112 esse

385 3159 417 3214 et
437 3150 497 3215 tris
518 3150 675 3220 diaetetas
697 3175 769 3220 esse
790 3154 917 3220 electos.

156 3273 384 3324 METABAm
419 3254 628 3345 (rssrnsluro)
661 3259 805 3324 eontinet
837 3258 973 3324 oratoris
1013 3276 1126 3342 preces
1136 3256 1174 3341 1),
1207 3262 1244 3317 ut

154 3356 302 3423 beniuole
323 3357 445 3423 iudices
466 3358 624 3445 reliquam
644 3364 862 3429 narrationem
884 3362 1018 3427 audiant
1040 3359 1147 3448 (lde).

240 3460 274 3545 2)
297 3461 352 3546 qui
372 3461 495 3527 factum
517 3463 568 3543 sit,
589 3472 626 3528 ut
645 3465 754 3551 diaeta
777 3467 953 3534 solueretur
976 3464 1117 3553 (161)-
1135 3462 1195 3550 18).

295 3564 327 3651 a)
350 3563 544 3653 Apaturium
560 3570 778 3656 syngrapham
794 3594 852 3660 per
866 3570 1059 3638 Aristoclem
1074 3565 1243 3634 delendam

347 3690 478 3735 curasse
501 3671 610 3757 (lob).

291 3767 327 3856 b)
351 3773 486 3837 eundem
508 3773 625 3840 deinde
646 3776 817 3862 negauisse
833 3778 894 3844 sibi
910 3797 1100 3865 quemquam
1115 3783 1243 3863 praeter

220 3882 222 3885 ’
348 3872 539 3942 Aristoclem
560 3877 718 3944 arbitrum
740 3875 811 3945 esse
833 3879 910 3966 (17).

153 3987 359 3997 *w

223 4028 250 4100 1)
268 4025 358 4092 δέησις
377 4028 472 4083 media
498 4030 527 4083 in
553 4031 678 4087 oratione
700 4038 836 4104 usurpate
858 4049 915 4087 non
933 4033 1066 4090 abhorret
1090 4047 1108 4084 a
1125 4044 1241 4084 consue·

153 4115 250 4170 tudine
268 4118 409 4170 oratorum
427 4114 465 4173 cf.
484 4115 662 4191 [XXXXHI.]
689 4119 731 4175 17.
751 4118 785 4172 cl.
803 4118 862 4173 LV.
882 4120 923 4173 10.
958 4117 1042 4185 δῆλον
1063 4113 1089 4168 δ’
1109 4115 1176 4182 ipio
1194 4121 1242 4166 καὶ

151 4202 232 4255 τοῦτ’
250 4203 351 4257 αὐτίκα
371 4205 451 4256 ἔσται
468 4208 571 4255 πᾶσιν·
594 4202 664 4256 ἀλλὰ
684 4208 833 4277 προσέχετε
851 4197 876 4258 ὦ
893 4203 993 4279 ἄνδρες
1006 4206 1154 4267 Ἀθηναῖοι
1172 4196 1242 4273 πρδς

152 4289 216 4346 Διὸς
233 4295 280 4343 καὶ
298 4293 378 4344 θεῶν
395 4289 448 4344 τὸν
464 4294 542 4343 νοῦν.
