3060 4658
660 218 867 284 ...11-

222 387 394 454 admodum
416 410 546 455 seueras
564 388 668 456 fuisse
689 396 819 458 constat
827 389 862 477 ¹),
894 390 1103 457 constitutum
1123 387 1243 473 fuisse,
1273 398 1309 456 ut

220 493 347 578 pignus,
370 493 397 558 si
418 492 544 560 debitor
564 495 745 583 pactionem
766 493 920 576 laesisset
951 494 1119 560 confestim
1141 493 1308 561 creditoris

221 604 312 661 esset

304 699 385 765 haec
396 699 436 766 de
447 703 645 787 argumentis
653 701 913 789 apographorum
923 702 1088 768 monuisse
1099 702 1178 769 satis
1188 698 1310 767 habeo:

220 804 284 868 iam
314 825 391 870 uero
420 826 472 870 res
503 815 613 891 gestas
643 807 738 872 sicuti
770 806 934 893 coepimus
962 828 1096 872 narrare
1128 826 1309 893 pergamus.

221 906 337 971 accidit
348 907 384 994 ²),
407 916 443 973 ut
456 908 649 976 Heraclidae
664 911 849 994 argentaria
864 909 1101 990 dissolueretur,
1116 910 1186 996 ipse
1201 917 1309 974 autem

220 1009 409 1076 Heraclides
439 1013 633 1080 creditorum
666 1013 775 1079 odium
807 1013 988 1101 metuens³)
1021 1036 1056 1079 se
1088 1012 1310 1080 absconderet

219 1113 282 1179 hac
296 1117 535 1203 opportunitate
555 1138 634 1181 usus
648 1116 828 1203 Apaturius
843 1139 959 1182 nauem
974 1126 1008 1183 et
1029 1139 1141 1182 seruos
1159 1137 1201 1180 ex
1214 1123 1311 1202 portu

221 1217 356 1283 educere
371 1228 514 1285 conatur.
558 1220 644 1307 quod
658 1219 715 1285 ubi
737 1220 833 1284 sentit
848 1218 1040 1301 Parmense,
1063 1243 1136 1286 eum
1155 1218 1310 1303 aufugere

219 1320 371 1410 prohibet
391 1331 424 1388 et
446 1331 587 1389 actorem
605 1324 754 1408 {accersit
796 1323 858 1404 hic,
879 1332 916 1388 ut
937 1323 1109 1411 sponsione
1131 1344 1166 1387 se
1187 1321 1311 1402 liberet,

220 1426 415 1492 Heraclidae
444 1426 656 1493 creditoribus
684 1427 838 1513 nauem⁴)
861 1426 977 1507 tradit,
1006 1428 1052 1493 ita
1081 1435 1189 1492 tamen
1218 1431 1254 1489 ut
1275 1423 1310 1488 X

220 1530 445 1596 Parmenontis
466 1530 572 1596 minas
601 1533 635 1596 in
657 1553 696 1596 es
718 1551 790 1597 esse
817 1530 990 1597 collocatas
1015 1537 1175 1611 moneret,
1207 1527 1311 1593 seruis

220 1641 331 1698 autem
369 1633 506 1720 hospitis
543 1635 593 1699 sui
630 1635 798 1701 commodo
834 1634 1033 1721 prospiciens
1050 1694 1056 1701 .
1073 1632 1195 1722 potitrsr
1229 1630 1311 1718 ipse.
1393 1638 1395 1642 ’

221 1745 362 1804 ceterum
382 1738 469 1825 quod
491 1758 686 1825 quamquam
702 1761 813 1805 seruos
835 1737 897 1803 sibi
918 1737 1069 1817 uindicat
1091 1735 1190 1802 nihilo
1204 1736 1310 1799 minus

220 1841 434 1908 creditoribus
457 1841 534 1907 dicit
547 1841 757 1909 Parmenonti
779 1863 906 1930 quoque
924 1863 1042 1907 nauem
1065 1840 1310 1929 oppigneratam

220 1966 299 2025 esee,
314 1944 376 2011 hoc
390 1945 442 2010 uel
456 1944 607 2011 facillime
622 1947 669 2011 sic
687 1946 841 2035 explicari
856 1954 971 2034 potest,
979 1952 1018 2011 'ut
1033 1945 1178 2010 dicamus
1193 1963 1311 2009 nauem

220 2048 262 2113 ab
285 2057 393 2114 actore
417 2048 489 2135 plus
511 2048 613 2115 XXX
643 2059 676 2115 et
696 2052 802 2115 minus
825 2048 962 2114 XXXX
989 2049 1085 2114 minis
1107 2047 1310 2112 aestimatam

220 2151 337 2239 essel).

307 2279 346 2321 ea
375 2277 458 2343 quae
488 2265 640 2322 secuntur
668 2265 776 2324 orator
804 2257 917 2344 paucis
947 2256 1079 2325 indicat.
1122 2254 1310 2343 Apaturius,

220 2409 424 2417 ...ο-Ἤ.-

290 2481 318 2549 1)
337 2479 372 2534 cf.
394 2481 495 2557 [Dm]
515 2481 665 2538 XXXllII.
683 2483 725 2539 51.
769 2483 798 2537 οἱ
813 2482 868 2556 γὰρ
887 2480 1019 2552 εὐπορίαι
1041 2486 1099 2537 τοῖς
1120 2484 1314 2554 ἐργαζομένοις

221 2568 270 2624 οὐκ
288 2569 346 2625 dud
364 2576 425 2627 τῶν
443 2567 652 2638 δανειζομένων
669 2568 732 2626 ἀλλ’
749 2570 805 2624 ὑπὸ
823 2576 880 2623 τῶν
900 2567 1093 2635 δανειζόντων
1111 2569 1164 2622 εἶσὶ
1182 2573 1231 2621 καί
1248 2568 1313 2621 οὔτε

220 2664 290 2712 ναῦν
309 2658 374 2710 οὔτε
391 2654 548 2726 ναύκληρον
566 2659 629 2713 οὔτ’
648 2657 789 2728 ἐπιβάτην
807 2658 869 2711 ἔστ’
888 2655 1063 2724 ἀναχθῆναι,
1092 2657 1125 2711 τὸ
1143 2661 1202 2710 τῶν
1221 2653 1314 2709 δανει-

222 2743 332 2809 ζόντων
342 2751 423 2816 μέρος
436 2744 472 2797 ἂν
486 2743 635 2818 οἷφαιρῆτε·
654 2750 689 2799 ἐν
706 2750 771 2815 μὲν
790 2739 853 2798 οὗν
870 2751 944 2801 τοῖο
962 2745 1086 2813 νόμοις
1106 2741 1233 2797 πολλοὶ
1251 2747 1312 2795 καὶ

220 2830 324 2885 καλαὶ
341 2832 516 2900 βοήθειαί
533 2833 625 2885 εἰσιν
643 2835 760 2889 αὐτοῖς
780 2838 808 2887 et
825 2850 851 2902 q.
871 2850 893 2889 s.

288 2919 530 2989 Ddffiffiffl

289 3007 318 3077 3)
335 3005 527 3061 Thonissenus
549 3005 578 3059 in
603 3004 676 3060 libro
704 3004 751 3075 qui
776 3003 939 3060 inscribitur
960 3004 988 3058 le
1013 3004 1087 3059 droit
1116 3002 1201 3075 penul
1225 3003 1261 3058 de
1283 3004 1312 3057 lu

219 3093 387 3165 republique
405 3090 596 3160 Athenienne,
625 3092 765 3169 Bruxellis
788 3098 816 3146 et
841 3092 956 3146 Parisiis
979 3091 1061 3158 1875,
1088 3107 1153 3163 pag.
1171 3091 1223 3146 402
1241 3090 1313 3145 hacc

221 3180 303 3236 dicit:
323 3197 359 3234 on
377 3186 446 3252 peut
464 3179 538 3233 donc
552 3196 688 3251 supposer
701 3179 770 3252 qu’il
786 3180 895 3237 vouloit
905 3180 1095 3251 (Heraclides)
1112 3194 1142 3233 se
1161 3176 1313 3234 construite

220 3267 398 3338 adespeines
406 3266 532 3338 qninous
542 3274 605 3321 sont
614 3267 777 3324 demeurdes
786 3267 990 3324 inconnuescf.
998 3264 1312 3342 [Dem.]XXXXVHlI.

221 3357 262 3413 68.
298 3351 384 3418 ἡθίωι
402 3351 420 3407 d
424 3353 431 3377 '
449 3354 486 3408 ἂν
504 3357 589 3427 ἔγωγε
610 3359 757 3424 πυθοίμην
774 3354 866 3423 ὑμῶν,
898 3357 923 3409 εἰ
942 3353 1091 3429 σ’ργίζεσθε
1109 3363 1167 3412 τοῖο
1186 3353 1314 3410 ἅνεστιν-

222 3448 351 3513 οσμίνοισ
368 3448 429 3496 τῶν
446 3443 638 3513 τραπεζιτῶν·
661 3442 687 3495 εἰ
709 3439 764 3516 γοῖρ
789 3442 954 3517 ὀργίζοισθε
973 3440 1089 3500 donatore
1107 3441 1151 3498 ὅτι
1169 3440 1315 3499 ἀδικοῦσιν

213 3530 297 3597 α’μᾶτ,
320 3535 379 3586 πῶς
397 3531 448 3585 σία
467 3527 539 3586 εἰκός
557 3533 616 3583 ἐστι
633 3532 758 3598 βοηθεῖν
775 3537 833 3589 τοῖς
850 3528 938 3600 μηδὲν
967 3528 1111 3590 ’θινοῦοιν.

287 3618 316 3688 4)
334 3623 414 3672 actor
431 3616 545 3688 quidem
564 3618 632 3672 dicit
649 3618 682 3671 τὸ
701 3622 831 3690 ἐνέχυρον
842 3652 868 3661 -
888 3619 973 3674 immo
990 3618 1143 3686 ὑποθήκην
1163 3617 1312 3674 dicendum

223 3709 285 3759 erat
309 3703 346 3758 cf.
369 3703 466 3761 Μοῖσα.
489 3709 518 3759 et
540 3704 665 3760 Schoem.
689 3706 741 3760 litt.
767 3707 825 3762 Att.
849 3722 915 3778 pag.
938 3707 990 3762 506
1013 3737 1046 3749 -
1074 3705 1259 3762 creditoribus
1282 3720 1312 3760 se

221 3788 383 3844 tradidisse:
411 3793 461 3844 sed
480 3806 650 3863 quamquam
670 3792 745 3847 serui
766 3810 878 3865 qnoque
901 3793 1079 3865 oppignorati
1097 3799 1191 3859 erant,
1218 3798 1313 3847 tamen

221 3892 277 3931 non
296 3876 404 3948 cogitat
420 3877 522 3932 uiride
541 3894 623 3946 nane,
641 3878 671 3933 id
689 3881 766 3951 quod
784 3879 1006 3936 luculentissime
1017 3897 1052 3935 ex
1070 3880 1167 3936 uerbis
1179 3878 1312 3951 proximis

220 3962 324 4019 elucet:
341 3961 493 4035 παρέδωκα
505 3967 538 4020 τὸ
551 3970 678 4035 ἐνέχυρον
689 3967 782 4038 inquit
794 3968 885 4021 εἰπών
898 3970 992 4025 αὐτοῖς
1020 3968 1066 4021 ὅτι
1084 3975 1096 4021 ί
1107 3972 1179 4036 μναῖ
1188 3970 1314 4030 ίνείησαν

221 4049 343 4119 τῷξένῳ
356 4055 391 4104 ίν
402 4057 442 4124 τῇ
455 4058 522 4118 νηί·
541 4058 653 4106 ταῦτα
666 4050 1312 4126 <limpdiaeuacnyyslnocrodemidae.

289 4138 377 4206 5)10.
413 4138 588 4210 κατηγγύησα
607 4141 670 4197 roric
689 4137 808 4209 παῖδαι,
837 4140 875 4193 ἵν’
900 4143 984 4199 αἴτια
1001 4139 1095 4196 ἔνδεια
1112 4145 1250 4212 γίγνοιτο,
1276 4141 1312 4202 τοὶ

221 4221 383 4281 ἐλλείποντα
401 4229 432 4278 ἐκ
449 4230 509 4279 τῶν
527 4222 640 4279 παίδων
659 4227 709 4292 εἴη.
