3060 4658
673 212 862 277 ..3...

220 386 332 452 autem
349 386 494 451 eiusdem
515 405 598 470 quae
620 384 717 449 fuerit
744 383 929 468 ambigitur.
973 383 1138 450 Arnoldus
1162 381 1317 473 Schuefer

219 489 239 554 l
271 488 310 553 cl.
335 487 527 575 inquilinum
550 487 733 574 (μέτοικον)
759 485 992 552 Atheniensem
1022 509 1096 551 cum
1120 485 1221 553 fuisse
1241 507 1314 573 pro·

219 591 382 655 nuntiauit
403 590 499 654 nullis
522 589 641 654 additis
669 591 885 673 argumentis,
919 611 1003 676 quae
1032 599 1141 659 tamen
1160 589 1315 655 addino-

219 715 310 759 oesse
335 693 412 773 fuit,
445 695 522 780 quia
553 692 642 758 nullo
672 694 826 759 orationis
855 692 926 759 loeo
958 693 1149 779 inquilinum
1180 713 1215 757 se
1243 713 1316 757 esse

221 796 358 861 dilucide
387 804 479 862 actor
508 796 684 882 profitetur.
744 796 822 883 quid
851 798 952 882 igitur
982 798 1099 863 mirum
1128 796 1279 863 Darestio
1287 797 1314 882 1)

220 898 303 964 hano
340 897 508 966 Schaeferi
545 899 738 965 sententiam
775 900 921 965 ueritatis
961 899 1171 967 fundamento
1205 921 1315 965 carere

219 1003 324 1069 uisam
339 1001 433 1067 esse?
456 1022 517 1068 neo
530 1003 678 1069 Blassius
696 1000 784 1067 litem
800 1003 943 1071 diremit:
967 1003 1020 1068 hic
1035 1004 1120 1068 enim
1134 1005 1186 1067 uir
1201 1003 1316 1068 doctus

217 1105 380 1190 ambiguis
394 1106 503 1172 uerbis
525 1129 604 1172 usus
621 1106 857 1191 negotiatorem
870 1105 1103 1173 Atheniensem
1118 1129 1192 1173 eum
1214 1107 1314 1172 fuisso

219 1207 313 1288 dicit,
345 1216 382 1272 ut
410 1209 482 1295 ipse
514 1209 714 1275 dubitauisse
746 1211 911 1289 uideatur,
943 1209 1009 1274 utri
1038 1210 1145 1294 potius
1168 1210 1314 1277 uirorum

220 1311 346 1376 illorum
370 1313 535 1378 doctorum
556 1312 637 1377 fides
660 1313 812 1379 habenda
833 1322 925 1381 esset
970 1334 1053 1399 quae
1074 1335 1148 1377 uum
1175 1315 1222 1379 ita
1244 1315 1316 1394 sint,

223 1414 327 1481 denuo
348 1437 401 1481 res
416 1415 530 1481 eadem
551 1414 631 1480 mihi
643 1416 880 1484 consideranda
900 1416 1028 1481 uidetur
1043 1438 1123 1482 esse.
1159 1416 1315 1483 Sohaefer

221 1517 359 1603 quidem,
382 1528 419 1582 ut
440 1518 630 1606 inquilinum
657 1542 727 1585 esse
749 1529 892 1587 actorem
914 1519 1043 1600 diceret,
1073 1520 1109 1584 in
1132 1519 1246 1605 primis
1267 1522 1315 1585 in·

219 1619 332 1705 pulsus
360 1643 432 1687 esse
461 1621 590 1687 uidetur
626 1624 781 1689 orationis
811 1622 1009 1711 paragraphi
1044 1624 1177 1711 quintae
1207 1622 1315 1689 uerbis

219 1724 324 1789 hisce:
347 1720 480 1800 τούτοις
495 1724 530 1789 δὲ
552 1731 622 1801 τοῖς
637 1726 837 1806 Βυζαντίοις
859 1729 917 1794 καὶ
935 1722 1027 1794 uduo
1042 1729 1166 1801 οἰκείως
1185 1724 1318 1811 χρῶμαι

219 1822 275 1892 διὰ
299 1820 339 1893 τὸ
363 1828 579 1915 ἐνδιατρῖψαι
604 1825 748 1913 αὐτόθι,
782 1853 823 1896 ex
853 1830 970 1919 quibus
992 1829 1102 1895 uerbis
1124 1829 1187 1894 hoc
1213 1828 1318 1895 elucet

220 1941 363 1996 actorem
384 1930 557 2017 aliqnando
573 1930 716 2017 Byzanti
739 1943 972 2001 commoratum
988 1955 1068 2000 esse.
1112 1954 1173 1998 nec
1195 1952 1318 2020 paucos

221 2055 293 2098 eum
309 2033 378 2099 dies
394 2034 644 2099 existimandum
659 2046 708 2101 est
730 2037 764 2102 in
779 2037 836 2102 illa
855 2038 936 2103 urbe
950 2045 1116 2102 uersatum
1138 2057 1219 2114 esse,
1241 2035 1318 2099 dum

220 2158 343 2202 meroes
358 2139 565 2203 mutauissetr
588 2160 663 2203 nam
680 2133 720 2204 τὸ
737 2141 950 2230 ἐνδιατρῖψαι
965 2139 1044 2205 illud
1059 2137 1110 2223 τῷ
1131 2133 1319 2224 πολλαχόσε

221 2237 375 2327 ἀφῖχθαι
399 2241 485 2328 quod
516 2251 591 2306 ante
621 2243 777 2330 scriptum
799 2252 849 2309 est
870 2243 1031 2332 particula
1052 2243 1088 2308 δέ
1117 2241 1160 2307 ab
1191 2250 1319 2309 oratore

221 2346 405 2430 oppositum
436 2355 492 2410 est.
537 2367 649 2411 uerum
677 2367 874 2433 quamquam
898 2348 1018 2413 diutius
1049 2345 1156 2412 aliena
1184 2347 1217 2409 in
1240 2343 1320 2409 urhe

222 2456 363 2512 actorem
386 2459 619 2515 commoratum
649 2471 720 2515 esse
744 2450 985 2516 concedendum
1016 2459 1083 2533 est,
1116 2458 1226 2513 tamen
1254 2469 1319 2512 non

220 2550 285 2615 iam
306 2550 386 2615 illud
401 2550 541 2618 efficitur
554 2557 760 2638 peregrinum
780 2576 854 2619 eum
868 2553 986 2619 fnisse:
1008 2575 1084 2619 nam
1107 2551 1185 2639 quid
1201 2549 1319 2632 obstat,

221 2675 284 2740 quo
314 2655 421 2720 minus
451 2656 555 2721 ciuem
583 2656 816 2722 Atheniensem
845 2657 1034 2742 negotiandi
1061 2658 1170 2743 gratia
1199 2655 1320 2720 diutius

222 2755 365 2842 Byzanti
387 2758 488 2824 furiose
510 2759 724 2825 censeamus?
757 2782 862 2847 neque
885 2762 969 2827 enim
995 2761 1090 2825 sicuti
1112 2761 1250 2845 Spartae
1272 2758 1318 2822 ita

223 2859 362 2926 Athenis
383 2862 476 2948 leges·
492 2862 723 2949 prohibebant,
755 2886 819 2951 quo
842 2865 949 2929 minus
971 2865 1059 2930 ciues
1080 2876 1173 2929 extra
1194 2862 1318 2943 patriae

223 2961 304 3028 fines
324 2963 521 3050 aliquamdiu
544 2968 646 3032 uitam
671 2966 834 3052 degerent.
846 2971 872 3048 ¹)
916 2967 994 3054 qnid
1008 2967 1095 3055 quod
1109 2966 1285 3051 Laceratus
1293 2968 1319 3044 ³)

221 3064 285 3149 ille,
309 3069 366 3153 qui
379 3067 628 3137 Atheniensium
644 3071 687 3134 ad
703 3069 927 3137 Chaeroneam
949 3071 1039 3136 clade
1061 3068 1173 3134 audita
1187 3076 1320 3154 propter

223 3170 373 3235 timorem
392 3168 476 3236 olam
491 3173 604 3239 urbem
619 3172 803 3260 reliquerat,
824 3175 871 3238 ita
886 3196 920 3240 se
943 3197 964 3240 a
978 3173 1131 3261 Lycurgo
1147 3170 1320 3237 defendere

223 3275 391 3359 cogitauit,
413 3285 449 3340 ut
474 3275 664 3362 negotiandi
686 3298 803 3343 caussa
826 3299 861 3343 se
881 3278 1001 3344 diutius
1023 3299 1120 3364 quam
1143 3276 1320 3364 quinquen·

223 3377 311 3442 nium
335 3401 356 3443 a
378 3380 487 3465 patria
513 3378 659 3444 abfuisse
677 3379 821 3446 diceret?
843 3403 902 3446 neo
916 3381 1089 3468 Lyeurgus
1111 3380 1208 3467 plane
1223 3385 1322 3463 negat

225 3481 421 3564 negotiatori
443 3481 637 3548 Atheniensi
659 3482 858 3571 aliquamdiu
880 3496 974 3551 extra
1001 3485 1127 3572 patriae
1148 3484 1229 3548 fines
1251 3503 1322 3547 uer·

227 3584 291 3645 sari
311 3583 427 3668 licere,
454 3586 511 3651 sed
533 3586 595 3652 hoc
616 3608 671 3651 reo
694 3587 884 3673 exprobrat,
914 3588 1000 3674 quod
1029 3586 1112 3652 olam
1134 3586 1234 3670 fugit,
1261 3583 1323 3648 hoc

226 3684 447 3771 reprehendit,
480 3690 567 3777 quod
589 3692 726 3755 amicam
748 3701 780 3755 et
802 3691 941 3757 famulas
963 3712 1072 3757 secum
1100 3689 1228 3770 eduxit,
1260 3685 1324 3750 hoo

297 3877 323 3943 1)
341 3893 408 3948 pag.
427 3877 495 3933 199:
522 3878 557 3933 A.
576 3876 713 3934 Sohaefer
736 3878 811 3934 croit
832 3891 888 3946 que
910 3876 1043 3931 l'orateur
1068 3879 1111 3928 est
1131 3890 1169 3927 un
1189 3871 1323 3941 dtranger

224 3978 334 4017 comme
345 3961 504 4018 Parmenon
522 3968 550 4018 et
565 3964 756 4036 Apatourios:
777 3963 848 4018 mais
867 3967 939 4025 cette
958 3961 1121 4016 coniecture
1138 3975 1209 4013 nous
1227 3954 1324 4028 parait

225 4047 335 4105 denudo
354 4049 390 4104 de
408 4051 579 4108 fondament.

292 4137 321 4206 2)
339 4137 374 4192 cl.
392 4136 551 4192 Hermanni
569 4138 676 4210 antiqq.
694 4138 744 4193 III.
763 4136 783 4211 ξ
801 4138 845 4193 52.
864 4142 921 4190 not.
941 4138 966 4190 2.

293 4224 322 4299 3)
341 4223 377 4284 of,
397 4224 527 4298 Lycurgi
546 4241 586 4280 or.
604 4231 704 4281 oontm
723 4225 820 4278 Leocr.
839 4226 875 4279 55
893 4240 917 4276 e.
937 4240 963 4292 q.
982 4239 1005 4274 s.
1076 4303 1114 4360 1*
