3060 4658
738 286 948 350 ..42.-

440 454 472 531 ci
493 477 553 520 nec
568 458 739 543 quicquam
752 458 831 522 certi
847 458 887 522 de
901 478 1033 521 numero
1050 456 1243 524 arbitrorum
1259 457 1385 524 demon·

496 561 591 624 strari
612 560 764 647 potuisse,
788 581 861 624 cnm
885 559 1071 639 Aristocles,
1093 560 1126 624 id
1149 560 1235 647 quod

529 678 744 728 'rasomonns
756 663 919 750 probatur,
930 661 1150 749 syngrapham
1157 665 1308 729 amissam
1316 686 1386 729 esse

529 766 782 830 asseuerauisset
805 766 907 852 (ssa).

439 867 472 954 d)
496 877 659 933 auctorem
688 868 801 933 consili
821 868 906 932 illius
927 867 1085 954 Eryxiam
1107 869 1266 934 medicum
1287 870 1386 950 fuisse

497 971 605 1056 (18h).

385 1073 419 1160 3)
442 1095 560 1139 nouam
582 1073 722 1139 diaetam
744 1078 950 1140 constitutam
971 1095 1036 1140 non
1059 1096 1130 1140 esse
1152 1076 1228 1163 (19).

435 1176 468 1263 a)
491 1178 686 1264 Apaturium
708 1187 740 1242 et
754 1178 1000 1243 Parmenontem
1023 1199 1140 1244 nouam
1157 1178 1296 1244 diaetam
1311 1176 1385 1246 oon-

493 1281 623 1346 stituere
644 1281 785 1346 uoluisse
807 1281 864 1346 sed
886 1281 927 1346 de
947 1303 1081 1347 numero
1097 1281 1289 1348 arbitrorum
1304 1284 1387 1348 inter

492 1405 548 1449 eos
569 1383 648 1448 nihil
670 1384 858 1450 conuenisse
880 1384 984 1470 (192).

437 1486 471 1572 b)
493 1486 740 1555 Parmenontem
771 1486 924 1553 Aristocli
959 1487 1055 1574 plane
1092 1488 1313 1572 interdixisse,
1346 1511 1386 1555 ne

492 1589 579 1655 solus
601 1591 671 1655 sine
694 1590 824 1674 collegis
846 1600 1063 1674 cognosceret,

556 1707 764 1758 rusrmoulo
786 1691 1004 1779 conprobatur
1026 1692 1136 1782 (19b).

382 1796 416 1880 4)
438 1794 538 1860 nihilo
560 1796 666 1859 minus
689 1795 731 1861 ab
755 1794 915 1860 Aristocle
944 1795 1022 1878 solo,
1044 1818 1117 1861 eum
1138 1796 1253 1884 reliqui
1275 1796 1387 1862 arbitri

439 1897 558 1963 iudicio
580 1898 821 1978 abstinuissent,
841 1897 1089 1964 Parmenontem
1111 1898 1298 1964 damnatum
1318 1921 1388 1965 esse

438 2011 471 2067 et
493 2000 657 2067 absentem
680 2002 809 2089 quidem
831 2002 895 2087 (20.
917 2002 983 2088 21).

297 2103 375 2168 ΙΙΙΙ.
388 2124 581 2175 aponum
600 2107 711 2173 attera.
754 2122 955 2172 Pnoaosrmo
976 2107 1131 2193 repetitur
1152 2116 1184 2173 et
1206 2107 1386 2171 accuratius

384 2206 549 2289 definitur,
575 2219 611 2274 ut
632 2218 741 2275 orator
763 2220 875 2275 contra
897 2211 1107 2295 Apaturium,
1133 2211 1188 2295 qui
1209 2210 1388 2297 pecuniam,

383 2309 426 2374 ad
455 2332 553 2397 quam
582 2312 821 2380 dissoluendum
842 2313 1026 2379 Parmenon
1055 2312 1097 2378 ab
1119 2313 1280 2378 Aristocle
1311 2334 1386 2378 con-

382 2412 551 2480 demnatus
588 2425 654 2496 est,
691 2417 732 2482 ab
763 2423 871 2481 actore
900 2417 1020 2502 exigit,
1054 2438 1088 2480 se
1117 2416 1387 2503 conprobatumm

382 2516 571 2602 polliceatur
587 2528 727 2584 actorem
741 2520 966 2585 Parmenontis
981 2519 1135 2606 praedem
1149 2541 1214 2601 non
1226 2540 1297 2584 esse
1310 2519 1387 2605 (22).

319 2617 359 2685 V.
384 2639 589 2695 arroasiam
608 2622 677 2687 siue
699 2642 856 2691 marma
871 2640 1133 2709 (oonrrnnnmo).

380 2724 426 2809 A)
447 2746 585 2796 rrrama
594 2743 1250 2811 Arsxrroanmomrmmnarmrcmms)
1270 2725 1304 2788 in
1327 2723 1388 2789 hae

383 2831 529 2895 oratione
551 2829 638 2895 nulla
662 2838 716 2895 est.
747 2828 832 2915 quod
847 2829 993 2896 Blassius
1006 2831 1029 2917 ¹)
1048 2830 1067 2895 l.
1083 2829 1121 2897 eh
1136 2828 1214 2894 dicit
1229 2835 1387 2893 oratorem

383 2931 607 3017 probationem
642 2932 876 2999 inartificialem
910 2956 944 3000 ss
979 2935 1179 3022 prolaturum
1217 2952 1286 2996 esse
1314 2951 1386 3017 pro·

382 3035 507 3101 misisse
528 3058 589 3102 nec
611 3044 720 3101 tamen
740 3036 920 3124 protulisse,
947 3060 989 3102 ne
1010 3036 1072 3103 hoc
1094 3036 1222 3124 quidem
1243 3042 1329 3099 recte
1352 3054 1387 3097 se
1486 3048 1488 3059 ’

383 3135 490 3203 habet.
542 3142 658 3205 etenim
680 3140 714 3204 in
735 3141 797 3205 hac
819 3141 964 3207 oratione
986 3140 1170 3206 testimonia
1191 3157 1264 3202 eum
1287 3157 1385 3220 argu-

383 3241 499 3306 mentis
530 3252 563 3307 et
588 3243 690 3328 signis
722 3244 969 3312 confunduntur.
1016 3243 1118 3329 uerba
1147 3240 1283 3307 oratoris
1304 3238 1387 3303 haee

383 3351 457 3407 sunt
479 3344 564 3431 (22);
594 3339 701 3430 ὥσπερ
723 3342 878 3434 προσήκει
901 3343 1062 3425 τοιαύτην
1083 3347 1198 3410 αἰτίαν
1219 3337 1387 3408 ἀπολύσα-

384 3446 481 3527 σθαι,
503 3446 672 3530 πρῶτον
693 3445 794 3530 ύμῖν
814 3446 1025 3536 μάρτυρας
1048 3435 1387 3532 παρασχήσομαι,

383 3543 427 3621 ὡς
437 3547 496 3613 οὐκ
511 3541 728 3636 ἠγγυησάμην
742 3544 804 3636 ἐγὼ
816 3547 877 3619 τὸν
885 3554 1109 3641 Παρμένοντα
1120 3544 1191 3612 ἀλλ’
1204 3541 1388 3633 Ἄρχιππος

369 3842 395 3903 1)
413 3857 478 3912 pag.
491 3842 543 3897 512
561 3847 619 3898 not.
631 3844 659 3898 2:
678 3843 724 3897 fiir
743 3843 789 3897 die
806 3841 973 3915 biirgschaft
990 3842 1040 3896 des
1051 3840 1211 3913 Archippos
1229 3839 1387 3910 verspricht

300 3943 330 3980 er
348 3930 363 3997 ξ
380 3926 415 3982 22
434 3927 489 3982 den
506 3929 726 3999 zeugenbsweis,
746 3930 818 3984 doch
836 3927 925 3983 findet
942 3928 1003 3983 sich
1022 3928 1150 3983 derselbs
1168 3927 1255 3997 nicht,
1274 3935 1303 3984 et
1319 3944 1386 3998 pag.

298 4016 363 4071 513:
389 4015 439 4069 der
464 4015 664 4073 unhiinstliche
681 4017 784 4073 bewois
803 4018 888 4070 dafiir
910 4015 1094 4088 [Archippum
1118 4032 1176 4070 non
1193 4020 1316 4070 actorem
1333 4031 1386 4084 pro

297 4102 485 4158 Parmenonte
502 4104 695 4177 spopondisse]
721 4103 809 4160 durch
827 4120 935 4175 zeugen
952 4102 1021 4158 wird
1044 4103 1205 4159 verheissen
1223 4102 1290 4157 aber
1307 4101 1386 4156 nicht

296 4189 438 4263 gegebem
467 4190 517 4245 der
540 4191 673 4262 sprecher
697 4191 766 4263 geht
788 4189 872 4244 raseh
903 4208 938 4246 an
966 4193 1019 4247 den
1042 4190 1223 4246 ktinstlichcn
1248 4187 1385 4244 beweisen

297 4275 454 4351 (τεκμήρια)
472 4276 550 4333 iiber.
