<?xml version="1.0" encoding="UTF-8"?>
<!DOCTYPE html PUBLIC "-//W3C//DTD XHTML 1.0 Transitional//EN"
    "http://www.w3.org/TR/xhtml1/DTD/xhtml1-transitional.dtd">
<html xmlns="http://www.w3.org/1999/xhtml" xml:lang="en" lang="en">
 <head>
  <title>
</title>
<meta http-equiv="Content-Type" content="text/html;charset=utf-8" />
  <meta name='ocr-system' content='tesseract 3.04.00' />
  <meta name='ocr-capabilities' content='ocr_page ocr_carea ocr_par ocr_line ocrx_word'/>
</head>
<body>
  <div class='ocr_page' id='page_1' title='image "./prolegomenonind01schugoog_0091.png"; bbox 0 0 3060 4658; ppageno 0'>
   <div class='ocr_carea' id='block_1_1' title="bbox 394 210 898 431">
    <p class='ocr_par' dir='ltr' id='par_1_1' title="bbox 394 210 898 431">
     <span class='ocr_line' id='line_1_1' title="bbox 761 210 807 229; baseline 0 -8"><span class='ocrx_word' id='word_1_1' title='bbox 761 210 807 229; x_wconf 43' lang='grc' dir='ltr'><strong>ἱι</strong></span> 
     </span>
     <span class='ocr_line' id='line_1_2' title="bbox 675 238 797 251; baseline 0 0"><span class='ocrx_word' id='word_1_2' title='bbox 675 238 680 249; x_wconf 72' lang='grc' dir='ltr'><strong>ι</strong></span> <span class='ocrx_word' id='word_1_3' title='bbox 737 238 797 251; x_wconf 64' lang='grc' dir='ltr'><strong>ἰιι</strong></span> 
     </span>
     <span class='ocr_line' id='line_1_3' title="bbox 832 286 841 299; baseline 0 0"><span class='ocrx_word' id='word_1_4' title='bbox 832 286 841 299; x_wconf 72' lang='grc' dir='ltr'><strong>υ</strong></span> 
     </span>
     <span class='ocr_line' id='line_1_4' title="bbox 817 301 858 319; baseline 0 -4"><span class='ocrx_word' id='word_1_5' title='bbox 817 301 858 319; x_wconf 68' lang='grc' dir='ltr'><strong>.ὺ</strong></span> 
     </span>
     <span class='ocr_line' id='line_1_5' title="bbox 394 292 898 367; baseline -0.006 -28"><span class='ocrx_word' id='word_1_6' title='bbox 394 324 403 339; x_wconf 80' lang='grc' dir='ltr'>Ι</span> <span class='ocrx_word' id='word_1_7' title='bbox 433 324 467 340; x_wconf 69' lang='grc' dir='ltr'><strong>ιο</strong></span> <span class='ocrx_word' id='word_1_8' title='bbox 498 320 561 352; x_wconf 63' lang='grc'><strong>..00</strong></span> <span class='ocrx_word' id='word_1_9' title='bbox 591 324 731 353; x_wconf 56' lang='grc' dir='ltr'><strong>..ναι-ιι</strong></span> <span class='ocrx_word' id='word_1_10' title='bbox 772 292 814 367; x_wconf 69' lang='lat'><strong>82</strong></span> <span class='ocrx_word' id='word_1_11' title='bbox 856 329 898 349; x_wconf 49' lang='grc' dir='ltr'><strong><em>ο...</em></strong></span> 
     </span>
     <span class='ocr_line' id='line_1_6' title="bbox 433 344 774 371; baseline -0.018 0"><span class='ocrx_word' id='word_1_12' title='bbox 433 344 506 371; x_wconf 68' lang='lat'><strong>0⁹⁸·</strong></span> <span class='ocrx_word' id='word_1_13' title='bbox 552 344 585 369; x_wconf 61' lang='grc' dir='ltr'><strong>ο.</strong></span> <span class='ocrx_word' id='word_1_14' title='bbox 654 356 679 367; x_wconf 75' lang='grc' dir='ltr'><strong>ιι</strong></span> <span class='ocrx_word' id='word_1_15' title='bbox 730 352 774 367; x_wconf 64' lang='grc' dir='ltr'><strong>,υ</strong></span> 
     </span>
     <span class='ocr_line' id='line_1_7' title="bbox 524 370 865 415; baseline 0.003 -31"><span class='ocrx_word' id='word_1_16' title='bbox 524 370 532 384; x_wconf 71' lang='lat' dir='ltr'>t</span> <span class='ocrx_word' id='word_1_17' title='bbox 573 372 679 401; x_wconf 54' lang='grc' dir='ltr'><strong>..ιιλ</strong></span> <span class='ocrx_word' id='word_1_18' title='bbox 730 374 865 415; x_wconf 48' lang='lat' dir='ltr'><strong>r‘h⁰.‘⁰</strong></span> 
     </span>
     <span class='ocr_line' id='line_1_8' title="bbox 715 414 841 431; baseline -0.016 -2"><span class='ocrx_word' id='word_1_19' title='bbox 715 420 719 429; x_wconf 63' lang='grc' dir='ltr'><strong>ι</strong></span> <span class='ocrx_word' id='word_1_20' title='bbox 797 414 841 431; x_wconf 64' lang='grc' dir='ltr'><strong>«τι,</strong></span> 
     </span>
    </p>
   </div>
   <div class='ocr_carea' id='block_1_2' title="bbox 243 457 1345 1474">
    <p class='ocr_par' dir='ltr' id='par_1_2' title="bbox 245 457 1345 1060">
     <span class='ocr_line' id='line_1_9' title="bbox 246 457 1344 550; baseline -0.009 -22"><span class='ocrx_word' id='word_1_21' title='bbox 246 470 282 533; x_wconf 79' lang='grc' dir='ltr'><strong>ολ,</strong></span> <span class='ocrx_word' id='word_1_22' title='bbox 307 484 342 547; x_wconf 89' lang='lat' dir='ltr'><strong>c,</strong></span> <span class='ocrx_word' id='word_1_23' title='bbox 373 483 450 550; x_wconf 87' lang='lat' dir='ltr'><strong>pars</strong></span> <span class='ocrx_word' id='word_1_24' title='bbox 482 464 590 525; x_wconf 90' lang='lat' dir='ltr'><strong>autem</strong></span> <span class='ocrx_word' id='word_1_25' title='bbox 618 459 777 547; x_wconf 78' lang='lat' dir='ltr'><strong>posterior</strong></span> <span class='ocrx_word' id='word_1_26' title='bbox 804 458 833 522; x_wconf 93' lang='grc' dir='ltr'><strong>Β</strong></span> <span class='ocrx_word' id='word_1_27' title='bbox 861 464 955 544; x_wconf 89' lang='lat' dir='ltr'><strong>parte</strong></span> <span class='ocrx_word' id='word_1_28' title='bbox 983 457 1091 544; x_wconf 84' lang='lat' dir='ltr'><strong>priore</strong></span> <span class='ocrx_word' id='word_1_29' title='bbox 1114 457 1147 527; x_wconf 85' lang='lat' dir='ltr'>A</span> <span class='ocrx_word' id='word_1_30' title='bbox 1169 458 1273 523; x_wconf 90' lang='lat' dir='ltr'><strong>maior</strong></span> <span class='ocrx_word' id='word_1_31' title='bbox 1294 459 1344 521; x_wconf 86' lang='lat' dir='ltr'><strong>est</strong></span> 
     </span>
     <span class='ocr_line' id='line_1_10' title="bbox 246 559 1343 650; baseline -0.007 -18"><span class='ocrx_word' id='word_1_32' title='bbox 246 564 400 645; x_wconf 83' lang='lat' dir='ltr'><strong>membris</strong></span> <span class='ocrx_word' id='word_1_33' title='bbox 420 563 472 629; x_wconf 92' lang='lat' dir='ltr'><strong>Ba</strong></span> <span class='ocrx_word' id='word_1_34' title='bbox 493 572 526 650; x_wconf 88' lang='lat' dir='ltr'><strong>et</strong></span> <span class='ocrx_word' id='word_1_35' title='bbox 547 563 595 628; x_wconf 84' lang='lat' dir='ltr'><strong>Bc</strong></span> <span class='ocrx_word' id='word_1_36' title='bbox 616 563 652 627; x_wconf 91' lang='lat' dir='ltr'><strong>in</strong></span> <span class='ocrx_word' id='word_1_37' title='bbox 672 565 800 629; x_wconf 87' lang='lat' dir='ltr'><strong>minora</strong></span> <span class='ocrx_word' id='word_1_38' title='bbox 820 561 966 627; x_wconf 89' lang='lat' dir='ltr'><strong>membra</strong></span> <span class='ocrx_word' id='word_1_39' title='bbox 987 559 1108 642; x_wconf 86' lang='lat' dir='ltr'><strong>diuisis,</strong></span> <span class='ocrx_word' id='word_1_40' title='bbox 1130 561 1275 627; x_wconf 86' lang='lat' dir='ltr'><strong>membra</strong></span> <span class='ocrx_word' id='word_1_41' title='bbox 1289 560 1343 625; x_wconf 93' lang='lat' dir='ltr'><strong>Ab</strong></span> 
     </span>
     <span class='ocr_line' id='line_1_11' title="bbox 246 659 1345 755; baseline -0.007 -20"><span class='ocrx_word' id='word_1_42' title='bbox 246 678 278 735; x_wconf 86' lang='lat' dir='ltr'><strong>at</strong></span> <span class='ocrx_word' id='word_1_43' title='bbox 298 668 351 734; x_wconf 91' lang='lat' dir='ltr'><strong>Bb</strong></span> <span class='ocrx_word' id='word_1_44' title='bbox 373 667 522 754; x_wconf 86' lang='lat' dir='ltr'><strong>deniquo,</strong></span> <span class='ocrx_word' id='word_1_45' title='bbox 545 687 743 754; x_wconf 86' lang='lat' dir='ltr'><strong>quemquam</strong></span> <span class='ocrx_word' id='word_1_46' title='bbox 765 666 808 732; x_wconf 89' lang='lat' dir='ltr'><strong>ad</strong></span> <span class='ocrx_word' id='word_1_47' title='bbox 830 666 1060 750; x_wconf 75' lang='lat' dir='ltr'><strong>consequentia</strong></span> <span class='ocrx_word' id='word_1_48' title='bbox 1075 659 1278 755; x_wconf 72' lang='grc' dir='ltr'>(ἀποδόσεις)</span> <span class='ocrx_word' id='word_1_49' title='bbox 1295 664 1345 728; x_wconf 92' lang='lat' dir='ltr'><strong>Ac</strong></span> 
     </span>
     <span class='ocr_line' id='line_1_12' title="bbox 245 763 1345 860; baseline -0.006 -23"><span class='ocrx_word' id='word_1_50' title='bbox 245 781 279 837; x_wconf 91' lang='lat' dir='ltr'><strong>et</strong></span> <span class='ocrx_word' id='word_1_51' title='bbox 307 772 356 837; x_wconf 94' lang='lat' dir='ltr'><strong>Bc</strong></span> <span class='ocrx_word' id='word_1_52' title='bbox 377 772 556 860; x_wconf 87' lang='lat' dir='ltr'><strong>pertinent,</strong></span> <span class='ocrx_word' id='word_1_53' title='bbox 585 779 696 836; x_wconf 89' lang='lat' dir='ltr'><strong>tamen</strong></span> <span class='ocrx_word' id='word_1_54' title='bbox 720 771 805 835; x_wconf 87' lang='lat' dir='ltr'><strong>inter</strong></span> <span class='ocrx_word' id='word_1_55' title='bbox 826 769 1062 856; x_wconf 80' lang='lat' dir='ltr'><strong>propositiones</strong></span> <span class='ocrx_word' id='word_1_56' title='bbox 1084 763 1289 855; x_wconf 78' lang='grc' dir='ltr'><strong>(προτάσεις)</strong></span> <span class='ocrx_word' id='word_1_57' title='bbox 1312 775 1345 831; x_wconf 89' lang='lat' dir='ltr'><strong>et</strong></span> 
     </span>
     <span class='ocr_line' id='line_1_13' title="bbox 246 869 1344 961; baseline -0.008 -17"><span class='ocrx_word' id='word_1_58' title='bbox 246 874 477 961; x_wconf 77' lang='lat' dir='ltr'><strong>consequentia</strong></span> <span class='ocrx_word' id='word_1_59' title='bbox 499 869 705 961; x_wconf 76' lang='grc' dir='ltr'>(ἀποδόσεις)</span> <span class='ocrx_word' id='word_1_60' title='bbox 727 874 895 941; x_wconf 87' lang='lat' dir='ltr'><strong>interiecta</strong></span> <span class='ocrx_word' id='word_1_61' title='bbox 918 870 1050 956; x_wconf 82' lang='lat' dir='ltr'><strong>sunt1),</strong></span> <span class='ocrx_word' id='word_1_62' title='bbox 1071 893 1136 957; x_wconf 89' lang='lat' dir='ltr'><strong>qua</strong></span> <span class='ocrx_word' id='word_1_63' title='bbox 1158 871 1288 957; x_wconf 85' lang='lat' dir='ltr'><strong>quidem</strong></span> <span class='ocrx_word' id='word_1_64' title='bbox 1308 891 1344 935; x_wconf 89' lang='lat' dir='ltr'><strong>rc</strong></span> 
     </span>
     <span class='ocr_line' id='line_1_14' title="bbox 247 973 1192 1060; baseline -0.001 -17"><span class='ocrx_word' id='word_1_65' title='bbox 247 978 451 1060; x_wconf 84' lang='lat' dir='ltr'><strong>factumest,</strong></span> <span class='ocrx_word' id='word_1_66' title='bbox 473 985 510 1043; x_wconf 85' lang='lat' dir='ltr'><strong>ut</strong></span> <span class='ocrx_word' id='word_1_67' title='bbox 531 979 658 1043; x_wconf 79' lang='lat' dir='ltr'><strong>Blaesio</strong></span> <span class='ocrx_word' id='word_1_68' title='bbox 682 984 845 1041; x_wconf 88' lang='lat' dir='ltr'><strong>structura</strong></span> <span class='ocrx_word' id='word_1_69' title='bbox 867 973 996 1040; x_wconf 84' lang='lat' dir='ltr'><strong>liberior</strong></span> <span class='ocrx_word' id='word_1_70' title='bbox 1018 973 1192 1042; x_wconf 86' lang='lat' dir='ltr'><strong>uideretur.</strong></span> 
     </span>
    </p>

    <p class='ocr_par' dir='ltr' id='par_1_3' title="bbox 243 1076 1344 1474">
     <span class='ocr_line' id='line_1_15' title="bbox 333 1076 1342 1166; baseline -0.004 -20"><span class='ocrx_word' id='word_1_71' title='bbox 333 1082 392 1146; x_wconf 89' lang='lat' dir='ltr'><strong>sed</strong></span> <span class='ocrx_word' id='word_1_72' title='bbox 428 1102 505 1146; x_wconf 89' lang='lat' dir='ltr'><strong>uero</strong></span> <span class='ocrx_word' id='word_1_73' title='bbox 536 1079 762 1160; x_wconf 88' lang='lat' dir='ltr'><strong>offendendum</strong></span> <span class='ocrx_word' id='word_1_74' title='bbox 792 1088 841 1145; x_wconf 88' lang='lat' dir='ltr'><strong>est</strong></span> <span class='ocrx_word' id='word_1_75' title='bbox 870 1079 905 1142; x_wconf 91' lang='lat' dir='ltr'><strong>in</strong></span> <span class='ocrx_word' id='word_1_76' title='bbox 934 1076 1141 1166; x_wconf 78' lang='lat' dir='ltr'><strong>paragrapho</strong></span> <span class='ocrx_word' id='word_1_77' title='bbox 1170 1077 1342 1142; x_wconf 83' lang='lat' dir='ltr'><strong>uicesima:</strong></span> 
     </span>
     <span class='ocr_line' id='line_1_16' title="bbox 247 1173 1344 1275; baseline -0.01 -22"><span class='ocrx_word' id='word_1_78' title='bbox 247 1181 419 1260; x_wconf 83' lang='grc' dir='ltr'><strong>οέιιοῦντος</strong></span> <span class='ocrx_word' id='word_1_79' title='bbox 440 1175 505 1267; x_wconf 76' lang='grc' dir='ltr'><strong>γὰρ</strong></span> <span class='ocrx_word' id='word_1_80' title='bbox 528 1179 636 1249; x_wconf 80' lang='grc' dir='ltr'><strong>αὐτοῦ</strong></span> <span class='ocrx_word' id='word_1_81' title='bbox 659 1189 694 1250; x_wconf 94' lang='grc' dir='ltr'><strong>ἐν</strong></span> <span class='ocrx_word' id='word_1_82' title='bbox 710 1178 883 1270; x_wconf 77' lang='grc' dir='ltr'><strong>Ὀφρυνλρι</strong></span> <span class='ocrx_word' id='word_1_83' title='bbox 906 1174 962 1246; x_wconf 80' lang='grc' dir='ltr'><strong>διό</strong></span> <span class='ocrx_word' id='word_1_84' title='bbox 985 1175 1048 1260; x_wconf 77' lang='grc' dir='ltr'><strong>τὴν</strong></span> <span class='ocrx_word' id='word_1_85' title='bbox 1070 1182 1209 1247; x_wconf 74' lang='grc' dir='ltr'><strong>οἴκοθεν</strong></span> <span class='ocrx_word' id='word_1_86' title='bbox 1222 1173 1344 1275; x_wconf 65' lang='grc' dir='ltr'><strong>φυγὴν,</strong></span> 
     </span>
     <span class='ocr_line' id='line_1_17' title="bbox 243 1278 1344 1372; baseline -0.008 -18"><span class='ocrx_word' id='word_1_87' title='bbox 243 1290 300 1354; x_wconf 82' lang='grc' dir='ltr'><strong>ὅτι</strong></span> <span class='ocrx_word' id='word_1_88' title='bbox 317 1280 480 1372; x_wconf 76' lang='grc' dir='ltr'><strong>ὁσιισμός</strong></span> <span class='ocrx_word' id='word_1_89' title='bbox 496 1292 623 1371; x_wconf 77' lang='grc' dir='ltr'><strong>ἐγένετο</strong></span> <span class='ocrx_word' id='word_1_90' title='bbox 639 1286 658 1351; x_wconf 88' lang='grc' dir='ltr'><strong>ό</strong></span> <span class='ocrx_word' id='word_1_91' title='bbox 673 1289 747 1371; x_wconf 81' lang='grc' dir='ltr'><strong>περὶ</strong></span> <span class='ocrx_word' id='word_1_92' title='bbox 761 1281 984 1370; x_wconf 78' lang='grc' dir='ltr'><strong>Χερρόνησον,</strong></span> <span class='ocrx_word' id='word_1_93' title='bbox 1006 1278 1234 1369; x_wconf 80' lang='grc' dir='ltr'><strong>συμπεσούσης</strong></span> <span class='ocrx_word' id='word_1_94' title='bbox 1248 1280 1344 1365; x_wconf 75' lang='grc' dir='ltr'><strong>αὐτῶ</strong></span> 
     </span>
     <span class='ocr_line' id='line_1_18' title="bbox 245 1382 1342 1474; baseline -0.005 -18"><span class='ocrx_word' id='word_1_95' title='bbox 245 1389 306 1469; x_wconf 76' lang='grc' dir='ltr'><strong>της</strong></span> <span class='ocrx_word' id='word_1_96' title='bbox 329 1393 436 1465; x_wconf 81' lang='grc' dir='ltr'><strong>οἰκίας</strong></span> <span class='ocrx_word' id='word_1_97' title='bbox 459 1383 635 1455; x_wconf 80' lang='grc' dir='ltr'><strong>ἀπώλοντο</strong></span> <span class='ocrx_word' id='word_1_98' title='bbox 659 1387 681 1465; x_wconf 73' lang='grc' dir='ltr'><strong>η</strong></span> <span class='ocrx_word' id='word_1_99' title='bbox 702 1382 786 1474; x_wconf 74' lang='grc' dir='ltr'><strong>γυνη</strong></span> <span class='ocrx_word' id='word_1_100' title='bbox 807 1391 865 1454; x_wconf 86' lang='grc' dir='ltr'><strong>καὶ</strong></span> <span class='ocrx_word' id='word_1_101' title='bbox 884 1392 916 1454; x_wconf 83' lang='grc' dir='ltr'><strong>οἱ</strong></span> <span class='ocrx_word' id='word_1_102' title='bbox 938 1388 1066 1464; x_wconf 69' lang='lat' dir='ltr'><strong>auidae:</strong></span> <span class='ocrx_word' id='word_1_103' title='bbox 1087 1386 1241 1454; x_wconf 88' lang='lat' dir='ltr'><strong>cumulati</strong></span> <span class='ocrx_word' id='word_1_104' title='bbox 1256 1386 1342 1450; x_wconf 90' lang='lat' dir='ltr'><strong>enim</strong></span> 
     </span>
    </p>
   </div>
   <div class='ocr_carea' id='block_1_3' title="bbox 129 1490 1345 1578">
    <p class='ocr_par' dir='ltr' id='par_1_4' title="bbox 129 1490 1345 1578">
     <span class='ocr_line' id='line_1_19' title="bbox 129 1490 1345 1578; baseline -0.004 -19"><span class='ocrx_word' id='word_1_105' title='bbox 129 1524 132 1531; x_wconf 56' lang='grc'><em>’</em></span> <span class='ocrx_word' id='word_1_106' title='bbox 247 1494 384 1578; x_wconf 82' lang='lat' dir='ltr'><strong>genitiui</strong></span> <span class='ocrx_word' id='word_1_107' title='bbox 407 1491 556 1573; x_wconf 83' lang='lat' dir='ltr'><strong>absoluti,</strong></span> <span class='ocrx_word' id='word_1_108' title='bbox 591 1513 664 1555; x_wconf 88' lang='lat' dir='ltr'><strong>curn</strong></span> <span class='ocrx_word' id='word_1_109' title='bbox 686 1513 747 1556; x_wconf 91' lang='lat' dir='ltr'><strong>nec</strong></span> <span class='ocrx_word' id='word_1_110' title='bbox 769 1493 993 1558; x_wconf 88' lang='lat' dir='ltr'><strong>coniunctione</strong></span> <span class='ocrx_word' id='word_1_111' title='bbox 1011 1491 1177 1565; x_wconf 84' lang='lat' dir='ltr'><strong>¹coniuncti</strong></span> <span class='ocrx_word' id='word_1_112' title='bbox 1198 1490 1263 1554; x_wconf 86' lang='lat' dir='ltr'><strong>sint</strong></span> <span class='ocrx_word' id='word_1_113' title='bbox 1283 1511 1345 1554; x_wconf 86' lang='lat' dir='ltr'><strong>nec</strong></span> 
     </span>
    </p>
   </div>
   <div class='ocr_carea' id='block_1_4' title="bbox 202 1592 1348 4046">
    <p class='ocr_par' dir='ltr' id='par_1_5' title="bbox 245 1592 1348 3022">
     <span class='ocr_line' id='line_1_20' title="bbox 245 1592 1343 1682; baseline -0.005 -20"><span class='ocrx_word' id='word_1_114' title='bbox 245 1597 328 1662; x_wconf 90' lang='lat' dir='ltr'><strong>alter</strong></span> <span class='ocrx_word' id='word_1_115' title='bbox 352 1596 393 1662; x_wconf 90' lang='lat' dir='ltr'><strong>ab</strong></span> <span class='ocrx_word' id='word_1_116' title='bbox 414 1595 515 1661; x_wconf 88' lang='lat' dir='ltr'><strong>altero</strong></span> <span class='ocrx_word' id='word_1_117' title='bbox 530 1592 702 1682; x_wconf 85' lang='lat' dir='ltr'><strong>pendeant,</strong></span> <span class='ocrx_word' id='word_1_118' title='bbox 726 1594 899 1660; x_wconf 89' lang='lat' dir='ltr'><strong>uerborum</strong></span> <span class='ocrx_word' id='word_1_119' title='bbox 914 1595 1188 1660; x_wconf 79' lang='lat' dir='ltr'><strong>continuationem</strong></span> <span class='ocrx_word' id='word_1_120' title='bbox 1202 1592 1343 1658; x_wconf 87' lang='lat' dir='ltr'><strong>hiulcam</strong></span> 
     </span>
     <span class='ocr_line' id='line_1_21' title="bbox 247 1697 1341 1784; baseline -0.003 -20"><span class='ocrx_word' id='word_1_121' title='bbox 247 1699 396 1765; x_wconf 88' lang='lat' dir='ltr'><strong>reddunt.</strong></span> <span class='ocrx_word' id='word_1_122' title='bbox 441 1697 477 1759; x_wconf 92' lang='lat' dir='ltr'><strong>id</strong></span> <span class='ocrx_word' id='word_1_123' title='bbox 498 1697 587 1782; x_wconf 91' lang='lat' dir='ltr'><strong>quod</strong></span> <span class='ocrx_word' id='word_1_124' title='bbox 607 1698 673 1762; x_wconf 89' lang='lat' dir='ltr'><strong>iam</strong></span> <span class='ocrx_word' id='word_1_125' title='bbox 696 1699 796 1762; x_wconf 91' lang='lat' dir='ltr'><strong>sensit</strong></span> <span class='ocrx_word' id='word_1_126' title='bbox 816 1697 870 1761; x_wconf 88' lang='lat' dir='ltr'><strong>ille</strong></span> <span class='ocrx_word' id='word_1_127' title='bbox 891 1699 1079 1784; x_wconf 79' lang='lat' dir='ltr'><strong>nescioqui,</strong></span> <span class='ocrx_word' id='word_1_128' title='bbox 1099 1699 1155 1783; x_wconf 89' lang='lat' dir='ltr'><strong>qui</strong></span> <span class='ocrx_word' id='word_1_129' title='bbox 1169 1706 1245 1762; x_wconf 89' lang='lat' dir='ltr'><strong>ante</strong></span> <span class='ocrx_word' id='word_1_130' title='bbox 1261 1717 1341 1781; x_wconf 90' lang='grc' dir='ltr'><strong>συμ-</strong></span> 
     </span>
     <span class='ocr_line' id='line_1_22' title="bbox 247 1800 1342 1887; baseline -0.002 -20"><span class='ocrx_word' id='word_1_131' title='bbox 247 1802 409 1880; x_wconf 80' lang='grc' dir='ltr'><strong>πεσούσης</strong></span> <span class='ocrx_word' id='word_1_132' title='bbox 429 1800 715 1886; x_wconf 71' lang='grc' dir='ltr'><strong>ροιέἰσὶρὶυιοωαί</strong></span> <span class='ocrx_word' id='word_1_133' title='bbox 729 1822 840 1867; x_wconf 89' lang='lat' dir='ltr'><strong>uocem</strong></span> <span class='ocrx_word' id='word_1_134' title='bbox 855 1802 1009 1867; x_wconf 88' lang='lat' dir='ltr'><strong>insertam</strong></span> <span class='ocrx_word' id='word_1_135' title='bbox 1025 1822 1096 1866; x_wconf 88' lang='lat' dir='ltr'><strong>esse</strong></span> <span class='ocrx_word' id='word_1_136' title='bbox 1110 1800 1221 1882; x_wconf 87' lang='lat' dir='ltr'><strong>uoluit,</strong></span> <span class='ocrx_word' id='word_1_137' title='bbox 1243 1821 1342 1887; x_wconf 87' lang='lat' dir='ltr'><strong>quarn</strong></span> 
     </span>
     <span class='ocr_line' id='line_1_23' title="bbox 249 1902 1342 1992; baseline 0 -24"><span class='ocrx_word' id='word_1_138' title='bbox 249 1906 440 1991; x_wconf 79' lang='lat' dir='ltr'><strong>scripturam</strong></span> <span class='ocrx_word' id='word_1_139' title='bbox 464 1902 555 1969; x_wconf 88' lang='lat' dir='ltr'><strong>codd.</strong></span> <span class='ocrx_word' id='word_1_140' title='bbox 576 1903 737 1968; x_wconf 88' lang='lat' dir='ltr'><strong>Marciani</strong></span> <span class='ocrx_word' id='word_1_141' title='bbox 757 1904 787 1968; x_wconf 83' lang='lat' dir='ltr'><strong>F</strong></span> <span class='ocrx_word' id='word_1_142' title='bbox 803 1904 877 1984; x_wconf 75' lang='lat' dir='ltr'><strong>&amp;Q</strong></span> <span class='ocrx_word' id='word_1_143' title='bbox 897 1903 1062 1992; x_wconf 79' lang='lat' dir='ltr'><strong>praebent.</strong></span> <span class='ocrx_word' id='word_1_144' title='bbox 1093 1925 1205 1969; x_wconf 91' lang='lat' dir='ltr'><strong>uerum</strong></span> <span class='ocrx_word' id='word_1_145' title='bbox 1227 1903 1342 1969; x_wconf 84' lang='lat' dir='ltr'><strong>eodem</strong></span> 
     </span>
     <span class='ocr_line' id='line_1_24' title="bbox 249 1992 1344 2097; baseline -0.001 -25"><span class='ocrx_word' id='word_1_146' title='bbox 249 2008 327 2072; x_wconf 90' lang='lat' dir='ltr'><strong>uitio</strong></span> <span class='ocrx_word' id='word_1_147' title='bbox 342 2006 491 2097; x_wconf 86' lang='lat' dir='ltr'><strong>proxima</strong></span> <span class='ocrx_word' id='word_1_148' title='bbox 516 2007 675 2072; x_wconf 86' lang='lat' dir='ltr'><strong>sententia</strong></span> <span class='ocrx_word' id='word_1_149' title='bbox 690 2006 832 2081; x_wconf 83' lang='lat' dir='ltr'><strong>laborat:</strong></span> <span class='ocrx_word' id='word_1_150' title='bbox 849 2004 867 2073; x_wconf 79' lang='grc' dir='ltr'><strong>ό</strong></span> <span class='ocrx_word' id='word_1_151' title='bbox 884 2009 917 2072; x_wconf 80' lang='grc' dir='ltr'><strong>δὲ</strong></span> <span class='ocrx_word' id='word_1_152' title='bbox 929 2003 1146 2089; x_wconf 75' lang='grc' dir='ltr'><strong>Ἀριστοκλῆς</strong></span> <span class='ocrx_word' id='word_1_153' title='bbox 1169 2007 1189 2070; x_wconf 92' lang='grc' dir='ltr'><strong>δ</strong></span> <span class='ocrx_word' id='word_1_154' title='bbox 1195 1992 1344 2091; x_wconf 69' lang='grc' dir='ltr'><strong>ιαμαρὲ</strong></span> 
     </span>
     <span class='ocr_line' id='line_1_25' title="bbox 249 2101 1344 2197; baseline -0.001 -21"><span class='ocrx_word' id='word_1_155' title='bbox 249 2112 491 2197; x_wconf 81' lang='grc' dir='ltr'><strong>τυραμένου</strong></span> <span class='ocrx_word' id='word_1_156' title='bbox 512 2107 589 2174; x_wconf 82' lang='grc' dir='ltr'><strong>τοῦ</strong></span> <span class='ocrx_word' id='word_1_157' title='bbox 604 2101 758 2195; x_wconf 75' lang='grc' dir='ltr'><strong>όινθριό</strong></span> <span class='ocrx_word' id='word_1_158' title='bbox 764 2132 839 2177; x_wconf 87' lang='grc' dir='ltr'><strong>που</strong></span> <span class='ocrx_word' id='word_1_159' title='bbox 855 2113 1007 2176; x_wconf 77' lang='grc' dir='ltr'><strong>ἐναντίον</strong></span> <span class='ocrx_word' id='word_1_160' title='bbox 1017 2105 1196 2197; x_wconf 80' lang='grc' dir='ltr'><strong>μαρτύρων</strong></span> <span class='ocrx_word' id='word_1_161' title='bbox 1210 2107 1344 2175; x_wconf 77' lang='grc' dir='ltr'><strong>πολλῶν</strong></span> 
     </span>
     <span class='ocr_line' id='line_1_26' title="bbox 248 2206 1344 2298; baseline -0.001 -20"><span class='ocrx_word' id='word_1_162' title='bbox 248 2206 296 2298; x_wconf 76' lang='grc' dir='ltr'><strong>μὴ</strong></span> <span class='ocrx_word' id='word_1_163' title='bbox 332 2211 590 2297; x_wconf 75' lang='grc' dir='ltr'><strong>ἀποφαίνεσθαι</strong></span> <span class='ocrx_word' id='word_1_164' title='bbox 625 2212 708 2278; x_wconf 71' lang='grc' dir='ltr'><strong>καθ’</strong></span> <span class='ocrx_word' id='word_1_165' title='bbox 744 2210 851 2281; x_wconf 80' lang='grc' dir='ltr'><strong>αὑτοῦ</strong></span> <span class='ocrx_word' id='word_1_166' title='bbox 884 2213 961 2279; x_wconf 79' lang='grc' dir='ltr'><strong>ἄνευ</strong></span> <span class='ocrx_word' id='word_1_167' title='bbox 986 2211 1059 2291; x_wconf 82' lang='grc' dir='ltr'><strong>τῶν</strong></span> <span class='ocrx_word' id='word_1_168' title='bbox 1090 2210 1344 2291; x_wconf 80' lang='grc' dir='ltr'><strong>συνδιαιτητῶν,</strong></span> 
     </span>
     <span class='ocr_line' id='line_1_27' title="bbox 250 2305 1344 2402; baseline -0.002 -21"><span class='ocrx_word' id='word_1_169' title='bbox 250 2305 618 2398; x_wconf 75' lang='grc' dir='ltr'><strong>ἀποδημήσαντος</strong></span> <span class='ocrx_word' id='word_1_170' title='bbox 648 2314 725 2380; x_wconf 79' lang='grc' dir='ltr'><strong>τοῦ</strong></span> <span class='ocrx_word' id='word_1_171' title='bbox 747 2310 982 2402; x_wconf 75' lang='grc' dir='ltr'><strong>ἀνθρώπων</strong></span> <span class='ocrx_word' id='word_1_172' title='bbox 1004 2308 1060 2378; x_wconf 76' lang='grc' dir='ltr'><strong>διολ</strong></span> <span class='ocrx_word' id='word_1_173' title='bbox 1082 2308 1144 2393; x_wconf 76' lang='grc' dir='ltr'><strong>την</strong></span> <span class='ocrx_word' id='word_1_174' title='bbox 1166 2305 1344 2401; x_wconf 75' lang='grc' dir='ltr'><strong>συμφορὰν</strong></span> 
     </span>
     <span class='ocr_line' id='line_1_28' title="bbox 250 2411 1345 2506; baseline -0.003 -23"><span class='ocrx_word' id='word_1_175' title='bbox 250 2412 374 2503; x_wconf 83' lang='grc' dir='ltr'><strong>ἐρήμην</strong></span> <span class='ocrx_word' id='word_1_176' title='bbox 389 2411 457 2482; x_wconf 83' lang='grc' dir='ltr'><strong>κατ’</strong></span> <span class='ocrx_word' id='word_1_177' title='bbox 477 2412 582 2482; x_wconf 82' lang='grc' dir='ltr'><strong>αὑτοῦ</strong></span> <span class='ocrx_word' id='word_1_178' title='bbox 596 2412 793 2506; x_wconf 73' lang='grc' dir='ltr'><strong>ἀπεφήνατο</strong></span> <span class='ocrx_word' id='word_1_179' title='bbox 810 2414 872 2497; x_wconf 79' lang='grc' dir='ltr'><strong>τὴν</strong></span> <span class='ocrx_word' id='word_1_180' title='bbox 886 2418 1029 2484; x_wconf 85' lang='grc' dir='ltr'><strong>δίαιταν.</strong></span> <span class='ocrx_word' id='word_1_181' title='bbox 1074 2439 1157 2503; x_wconf 85' lang='lat' dir='ltr'><strong>quae</strong></span> <span class='ocrx_word' id='word_1_182' title='bbox 1172 2416 1345 2482; x_wconf 89' lang='lat' dir='ltr'><strong>uerborum</strong></span> 
     </span>
     <span class='ocr_line' id='line_1_29' title="bbox 252 2519 1345 2609; baseline -0.001 -24"><span class='ocrx_word' id='word_1_183' title='bbox 252 2519 493 2608; x_wconf 86' lang='lat' dir='ltr'><strong>comprehensio</strong></span> <span class='ocrx_word' id='word_1_184' title='bbox 523 2541 560 2584; x_wconf 89' lang='lat' dir='ltr'><strong>eo</strong></span> <span class='ocrx_word' id='word_1_185' title='bbox 589 2531 760 2607; x_wconf 86' lang='lat' dir='ltr'><strong>praeterea</strong></span> <span class='ocrx_word' id='word_1_186' title='bbox 781 2523 911 2587; x_wconf 88' lang='lat' dir='ltr'><strong>nomine</strong></span> <span class='ocrx_word' id='word_1_187' title='bbox 934 2521 1148 2609; x_wconf 85' lang='lat' dir='ltr'><strong>uituperanda</strong></span> <span class='ocrx_word' id='word_1_188' title='bbox 1170 2530 1235 2603; x_wconf 86' lang='lat' dir='ltr'><strong>est,</strong></span> <span class='ocrx_word' id='word_1_189' title='bbox 1257 2519 1345 2606; x_wconf 90' lang='lat' dir='ltr'><strong>quod</strong></span> 
     </span>
     <span class='ocr_line' id='line_1_30' title="bbox 252 2616 1345 2712; baseline -0.002 -23"><span class='ocrx_word' id='word_1_190' title='bbox 252 2624 314 2689; x_wconf 81' lang='grc' dir='ltr'><strong>τοῦ</strong></span> <span class='ocrx_word' id='word_1_191' title='bbox 343 2616 531 2709; x_wconf 77' lang='grc' dir='ltr'><strong>ἀνθρώπου</strong></span> <span class='ocrx_word' id='word_1_192' title='bbox 559 2624 710 2689; x_wconf 87' lang='lat' dir='ltr'><strong>iteratum</strong></span> <span class='ocrx_word' id='word_1_193' title='bbox 739 2632 797 2692; x_wconf 84' lang='lat' dir='ltr'><strong>est,</strong></span> <span class='ocrx_word' id='word_1_194' title='bbox 851 2625 941 2711; x_wconf 88' lang='lat' dir='ltr'><strong>atqui</strong></span> <span class='ocrx_word' id='word_1_195' title='bbox 967 2624 1029 2691; x_wconf 91' lang='lat' dir='ltr'><strong>hoc</strong></span> <span class='ocrx_word' id='word_1_196' title='bbox 1051 2625 1166 2690; x_wconf 93' lang='lat' dir='ltr'><strong>uitium</strong></span> <span class='ocrx_word' id='word_1_197' title='bbox 1188 2646 1345 2712; x_wconf 88' lang='lat' dir='ltr'><strong>perquam</strong></span> 
     </span>
     <span class='ocr_line' id='line_1_31' title="bbox 253 2726 1345 2815; baseline 0.002 -25"><span class='ocrx_word' id='word_1_198' title='bbox 253 2726 348 2791; x_wconf 87' lang='lat' dir='ltr'><strong>facile</strong></span> <span class='ocrx_word' id='word_1_199' title='bbox 376 2726 498 2791; x_wconf 87' lang='lat' dir='ltr'><strong>euitare</strong></span> <span class='ocrx_word' id='word_1_200' title='bbox 527 2727 632 2812; x_wconf 89' lang='lat' dir='ltr'><strong>potuit</strong></span> <span class='ocrx_word' id='word_1_201' title='bbox 660 2727 816 2795; x_wconf 88' lang='lat' dir='ltr'><strong>orationis</strong></span> <span class='ocrx_word' id='word_1_202' title='bbox 838 2729 983 2815; x_wconf 81' lang='lat' dir='ltr'><strong>scriptor,</strong></span> <span class='ocrx_word' id='word_1_203' title='bbox 1006 2727 1033 2792; x_wconf 92' lang='lat' dir='ltr'><strong>si</strong></span> <span class='ocrx_word' id='word_1_204' title='bbox 1055 2728 1252 2813; x_wconf 85' lang='lat' dir='ltr'><strong>scripsisset:</strong></span> <span class='ocrx_word' id='word_1_205' title='bbox 1274 2727 1345 2792; x_wconf 92' lang='grc' dir='ltr'><strong>δια-</strong></span> 
     </span>
     <span class='ocr_line' id='line_1_32' title="bbox 251 2822 1348 2917; baseline -0.001 -23"><span class='ocrx_word' id='word_1_206' title='bbox 251 2834 505 2916; x_wconf 77' lang='grc' dir='ltr'><strong>μαρτυραμένου</strong></span> <span class='ocrx_word' id='word_1_207' title='bbox 536 2876 602 2897; x_wconf 80' lang='grc'><strong>..,</strong></span> <span class='ocrx_word' id='word_1_208' title='bbox 630 2827 875 2910; x_wconf 82' lang='grc' dir='ltr'><strong>συνδιαιτητῶν</strong></span> <span class='ocrx_word' id='word_1_209' title='bbox 904 2823 1028 2917; x_wconf 66' lang='grc' dir='ltr'><strong>ἐρήμην</strong></span> <span class='ocrx_word' id='word_1_210' title='bbox 1058 2829 1130 2895; x_wconf 83' lang='grc' dir='ltr'><strong>κατ’</strong></span> <span class='ocrx_word' id='word_1_211' title='bbox 1160 2826 1264 2896; x_wconf 77' lang='grc' dir='ltr'><strong>αὐτοῦ</strong></span> <span class='ocrx_word' id='word_1_212' title='bbox 1290 2822 1348 2893; x_wconf 75' lang='grc' dir='ltr'><strong>διὰ</strong></span> 
     </span>
     <span class='ocr_line' id='line_1_33' title="bbox 251 2924 1284 3022; baseline 0.001 -25"><span class='ocrx_word' id='word_1_213' title='bbox 251 2927 313 3013; x_wconf 73' lang='grc' dir='ltr'><strong>τὴν</strong></span> <span class='ocrx_word' id='word_1_214' title='bbox 335 2933 514 3022; x_wconf 75' lang='grc' dir='ltr'><strong>συμφορὰν</strong></span> <span class='ocrx_word' id='word_1_215' title='bbox 537 2927 815 3016; x_wconf 79' lang='grc' dir='ltr'><strong>ἀποδημήσαντος</strong></span> <span class='ocrx_word' id='word_1_216' title='bbox 838 2924 1036 3019; x_wconf 73' lang='grc' dir='ltr'><strong>ἀπεφήνατο</strong></span> <span class='ocrx_word' id='word_1_217' title='bbox 1057 2926 1119 3012; x_wconf 77' lang='grc' dir='ltr'><strong>τὴν</strong></span> <span class='ocrx_word' id='word_1_218' title='bbox 1141 2934 1284 2998; x_wconf 78' lang='grc' dir='ltr'><strong>δίαιταν.</strong></span> 
     </span>
    </p>

    <p class='ocr_par' dir='ltr' id='par_1_6' title="bbox 202 3034 1348 3925">
     <span class='ocr_line' id='line_1_34' title="bbox 337 3034 1348 3124; baseline 0.001 -25"><span class='ocrx_word' id='word_1_219' title='bbox 337 3037 479 3121; x_wconf 87' lang='lat' dir='ltr'><strong>itemque</strong></span> <span class='ocrx_word' id='word_1_220' title='bbox 501 3034 716 3120; x_wconf 88' lang='lat' dir='ltr'><strong>uituperanda</strong></span> <span class='ocrx_word' id='word_1_221' title='bbox 738 3036 866 3101; x_wconf 88' lang='lat' dir='ltr'><strong>uidetur</strong></span> <span class='ocrx_word' id='word_1_222' title='bbox 880 3035 1106 3124; x_wconf 87' lang='lat' dir='ltr'><strong>paragraphus</strong></span> <span class='ocrx_word' id='word_1_223' title='bbox 1121 3037 1172 3120; x_wconf 78' lang='lat'><strong>25,</strong></span> <span class='ocrx_word' id='word_1_224' title='bbox 1194 3035 1251 3101; x_wconf 90' lang='lat' dir='ltr'><strong>uhi</strong></span> <span class='ocrx_word' id='word_1_225' title='bbox 1266 3034 1348 3101; x_wconf 89' lang='lat' dir='ltr'><strong>haec</strong></span> 
     </span>
     <span class='ocr_line' id='line_1_35' title="bbox 252 3127 1348 3225; baseline -0.001 -22"><span class='ocrx_word' id='word_1_226' title='bbox 252 3145 343 3215; x_wconf 88' lang='lat' dir='ltr'><strong>sunt:</strong></span> <span class='ocrx_word' id='word_1_227' title='bbox 366 3128 454 3201; x_wconf 79' lang='grc' dir='ltr'><strong>ἀλλὰ</strong></span> <span class='ocrx_word' id='word_1_228' title='bbox 477 3128 519 3212; x_wconf 86' lang='grc' dir='ltr'><strong>νὴ</strong></span> <span class='ocrx_word' id='word_1_229' title='bbox 542 3137 606 3202; x_wconf 80' lang='grc' dir='ltr'><strong>Δία</strong></span> <span class='ocrx_word' id='word_1_230' title='bbox 628 3127 773 3224; x_wconf 76' lang='grc' dir='ltr'><strong>εὐπόρως</strong></span> <span class='ocrx_word' id='word_1_231' title='bbox 796 3139 941 3220; x_wconf 73' lang='grc' dir='ltr'><strong>διέκειτο,</strong></span> <span class='ocrx_word' id='word_1_232' title='bbox 963 3140 1049 3206; x_wconf 77' lang='grc' dir='ltr'><strong>ὥστε</strong></span> <span class='ocrx_word' id='word_1_233' title='bbox 1071 3140 1230 3225; x_wconf 72' lang='grc' dir='ltr'><strong>ἐνεδέχετο</strong></span> <span class='ocrx_word' id='word_1_234' title='bbox 1252 3135 1348 3221; x_wconf 72' lang='grc' dir='ltr'><strong>αὐτῷ</strong></span> 
     </span>
     <span class='ocr_line' id='line_1_36' title="bbox 252 3232 1345 3328; baseline -0.002 -22"><span class='ocrx_word' id='word_1_235' title='bbox 252 3241 310 3306; x_wconf 80' lang='grc' dir='ltr'><strong>καὶ</strong></span> <span class='ocrx_word' id='word_1_236' title='bbox 331 3232 467 3322; x_wconf 76' lang='grc' dir='ltr'><strong>ὕστερον</strong></span> <span class='ocrx_word' id='word_1_237' title='bbox 489 3240 537 3303; x_wconf 78' lang='grc' dir='ltr'><strong>ἐπ’</strong></span> <span class='ocrx_word' id='word_1_238' title='bbox 564 3241 619 3323; x_wconf 80' lang='grc' dir='ltr'><strong>ἐμὲ</strong></span> <span class='ocrx_word' id='word_1_239' title='bbox 641 3244 764 3323; x_wconf 74' lang='grc' dir='ltr'><strong>ἐλθεῖν,</strong></span> <span class='ocrx_word' id='word_1_240' title='bbox 789 3235 864 3306; x_wconf 82' lang='grc' dir='ltr'><strong>τότε</strong></span> <span class='ocrx_word' id='word_1_241' title='bbox 885 3238 911 3306; x_wconf 82' lang='grc' dir='ltr'><strong>δ</strong></span> <span class='ocrx_word' id='word_1_242' title='bbox 928 3236 1077 3328; x_wconf 80' lang='grc' dir='ltr'><strong>ἀσχόλως</strong></span> <span class='ocrx_word' id='word_1_243' title='bbox 1099 3241 1250 3328; x_wconf 57' lang='lat' dir='ltr'><strong>asperam</strong></span> <span class='ocrx_word' id='word_1_244' title='bbox 1266 3238 1345 3306; x_wconf 80' lang='grc' dir='ltr'><strong>ἀνα-</strong></span> 
     </span>
     <span class='ocr_line' id='line_1_37' title="bbox 252 3334 1344 3430; baseline 0.004 -26"><span class='ocrx_word' id='word_1_245' title='bbox 252 3334 363 3427; x_wconf 72' lang='grc' dir='ltr'><strong>γωγὴν</strong></span> <span class='ocrx_word' id='word_1_246' title='bbox 378 3334 434 3405; x_wconf 82' lang='grc' dir='ltr'><strong>ῶν.</strong></span> <span class='ocrx_word' id='word_1_247' title='bbox 465 3339 529 3406; x_wconf 90' lang='lat' dir='ltr'><strong>duo</strong></span> <span class='ocrx_word' id='word_1_248' title='bbox 546 3351 620 3406; x_wconf 89' lang='lat' dir='ltr'><strong>sunt</strong></span> <span class='ocrx_word' id='word_1_249' title='bbox 635 3354 835 3429; x_wconf 81' lang='lat' dir='ltr'><strong>argumenta,</strong></span> <span class='ocrx_word' id='word_1_250' title='bbox 856 3366 939 3430; x_wconf 88' lang='lat' dir='ltr'><strong>quae</strong></span> <span class='ocrx_word' id='word_1_251' title='bbox 955 3346 1018 3410; x_wconf 89' lang='lat' dir='ltr'><strong>sibi</strong></span> <span class='ocrx_word' id='word_1_252' title='bbox 1032 3346 1116 3411; x_wconf 87' lang='lat' dir='ltr'><strong>obici</strong></span> <span class='ocrx_word' id='word_1_253' title='bbox 1127 3346 1206 3413; x_wconf 84' lang='lat' dir='ltr'><strong>facit</strong></span> <span class='ocrx_word' id='word_1_254' title='bbox 1220 3353 1344 3409; x_wconf 85' lang='lat' dir='ltr'><strong>orator:</strong></span> 
     </span>
     <span class='ocr_line' id='line_1_38' title="bbox 251 3437 1344 3535; baseline 0.004 -28"><span class='ocrx_word' id='word_1_255' title='bbox 251 3438 292 3508; x_wconf 84' lang='grc' dir='ltr'><strong>τό</strong></span> <span class='ocrx_word' id='word_1_256' title='bbox 315 3437 459 3527; x_wconf 76' lang='grc' dir='ltr'><strong>εὐπόρως</strong></span> <span class='ocrx_word' id='word_1_257' title='bbox 482 3443 730 3513; x_wconf 76' lang='grc' dir='ltr'><strong>διακιῖσθαιόλ</strong></span> <span class='ocrx_word' id='word_1_258' title='bbox 752 3439 793 3511; x_wconf 85' lang='grc' dir='ltr'><strong>τό</strong></span> <span class='ocrx_word' id='word_1_259' title='bbox 817 3443 967 3533; x_wconf 78' lang='grc' dir='ltr'><strong>ολσχόλως</strong></span> <span class='ocrx_word' id='word_1_260' title='bbox 989 3451 1085 3534; x_wconf 74' lang='grc' dir='ltr'><strong>όχιινε</strong></span> <span class='ocrx_word' id='word_1_261' title='bbox 1109 3469 1192 3535; x_wconf 90' lang='lat' dir='ltr'><strong>quae</strong></span> <span class='ocrx_word' id='word_1_262' title='bbox 1214 3446 1344 3532; x_wconf 87' lang='lat' dir='ltr'><strong>quidem</strong></span> 
     </span>
     <span class='ocr_line' id='line_1_39' title="bbox 254 3548 1344 3636; baseline 0.005 -26"><span class='ocrx_word' id='word_1_263' title='bbox 254 3555 445 3629; x_wconf 82' lang='lat' dir='ltr'><strong>argumenta</strong></span> <span class='ocrx_word' id='word_1_264' title='bbox 467 3548 525 3611; x_wconf 82' lang='grc' dir='ltr'><strong>κατ’</strong></span> <span class='ocrx_word' id='word_1_265' title='bbox 547 3549 707 3635; x_wconf 88' lang='lat' dir='ltr'><strong>particula</strong></span> <span class='ocrx_word' id='word_1_266' title='bbox 729 3550 954 3635; x_wconf 86' lang='lat' dir='ltr'><strong>coniungenda</strong></span> <span class='ocrx_word' id='word_1_267' title='bbox 978 3560 1088 3633; x_wconf 86' lang='lat' dir='ltr'><strong>erant,</strong></span> <span class='ocrx_word' id='word_1_268' title='bbox 1116 3558 1153 3616; x_wconf 86' lang='lat' dir='ltr'><strong>ut</strong></span> <span class='ocrx_word' id='word_1_269' title='bbox 1174 3561 1344 3636; x_wconf 90' lang='lat' dir='ltr'><strong>utrumque</strong></span> 
     </span>
     <span class='ocr_line' id='line_1_40' title="bbox 251 3646 1343 3738; baseline 0.005 -26"><span class='ocrx_word' id='word_1_270' title='bbox 251 3647 374 3735; x_wconf 88' lang='lat' dir='ltr'><strong>pariter</strong></span> <span class='ocrx_word' id='word_1_271' title='bbox 401 3660 658 3733; x_wconf 83' lang='lat' dir='ltr'><strong>cognosceretur.</strong></span> <span class='ocrx_word' id='word_1_272' title='bbox 714 3652 771 3719; x_wconf 89' lang='lat' dir='ltr'><strong>sed</strong></span> <span class='ocrx_word' id='word_1_273' title='bbox 800 3663 910 3718; x_wconf 88' lang='lat' dir='ltr'><strong>orator</strong></span> <span class='ocrx_word' id='word_1_274' title='bbox 938 3646 1077 3738; x_wconf 76' lang='grc' dir='ltr'><strong>ὕστερον</strong></span> <span class='ocrx_word' id='word_1_275' title='bbox 1107 3654 1207 3720; x_wconf 90' lang='lat' dir='ltr'><strong>uerbo</strong></span> <span class='ocrx_word' id='word_1_276' title='bbox 1236 3662 1343 3719; x_wconf 92' lang='lat' dir='ltr'><strong>motus</strong></span> 
     </span>
     <span class='ocr_line' id='line_1_41' title="bbox 202 3749 1345 3842; baseline 0.002 -23"><span class='ocrx_word' id='word_1_277' title='bbox 202 3813 204 3819; x_wconf 83' lang='lat'><em>.</em></span> <span class='ocrx_word' id='word_1_278' title='bbox 253 3749 389 3816; x_wconf 90' lang='lat' dir='ltr'><strong>alterum</strong></span> <span class='ocrx_word' id='word_1_279' title='bbox 411 3762 635 3836; x_wconf 85' lang='lat' dir='ltr'><strong>argumentum</strong></span> <span class='ocrx_word' id='word_1_280' title='bbox 657 3777 716 3842; x_wconf 88' lang='lat' dir='ltr'><strong>per</strong></span> <span class='ocrx_word' id='word_1_281' title='bbox 736 3756 773 3822; x_wconf 78' lang='grc' dir='ltr'><strong>δέ</strong></span> <span class='ocrx_word' id='word_1_282' title='bbox 793 3756 929 3838; x_wconf 82' lang='lat' dir='ltr'><strong>induxit,</strong></span> <span class='ocrx_word' id='word_1_283' title='bbox 952 3765 988 3820; x_wconf 89' lang='lat' dir='ltr'><strong>ut</strong></span> <span class='ocrx_word' id='word_1_284' title='bbox 1008 3756 1141 3823; x_wconf 83' lang='lat' dir='ltr'><strong>alterius</strong></span> <span class='ocrx_word' id='word_1_285' title='bbox 1163 3757 1345 3842; x_wconf 84' lang='lat' dir='ltr'><strong>argumenti</strong></span> 
     </span>
     <span class='ocr_line' id='line_1_42' title="bbox 252 3852 502 3925; baseline 0.028 -8"><span class='ocrx_word' id='word_1_286' title='bbox 252 3852 303 3918; x_wconf 87' lang='lat' dir='ltr'><strong>uis</strong></span> <span class='ocrx_word' id='word_1_287' title='bbox 325 3855 502 3925; x_wconf 87' lang='lat' dir='ltr'><strong>suanuerit.</strong></span> 
     </span>
    </p>

    <p class='ocr_par' dir='ltr' id='par_1_7' title="bbox 338 3957 958 4046">
     <span class='ocr_line' id='line_1_43' title="bbox 338 3957 958 4046; baseline 0.002 -22"><span class='ocrx_word' id='word_1_288' title='bbox 338 3957 501 4024; x_wconf 90' lang='lat' dir='ltr'><strong>adcedunt</strong></span> <span class='ocrx_word' id='word_1_289' title='bbox 522 3957 659 4046; x_wconf 87' lang='lat' dir='ltr'><strong>denique</strong></span> <span class='ocrx_word' id='word_1_290' title='bbox 679 3961 805 4026; x_wconf 88' lang='lat' dir='ltr'><strong>minora</strong></span> <span class='ocrx_word' id='word_1_291' title='bbox 824 3962 958 4030; x_wconf 87' lang='lat' dir='ltr'><strong>menda:</strong></span> 
     </span>
    </p>
   </div>
   <div class='ocr_carea' id='block_1_5' title="bbox 251 4114 461 4126">
    <p class='ocr_par' dir='ltr' id='par_1_8' title="bbox 251 4114 461 4126">
     <span class='ocr_line' id='line_1_44' title="bbox 251 4114 461 4126; baseline -0.01 -1"><span class='ocrx_word' id='word_1_292' title='bbox 251 4114 461 4126; x_wconf 49' lang='lat' dir='ltr'><strong><em>M</em></strong></span> 
     </span>
    </p>
   </div>
   <div class='ocr_carea' id='block_1_6' title="bbox 251 4193 1355 4355">
    <p class='ocr_par' dir='ltr' id='par_1_9' title="bbox 251 4193 1355 4355">
     <span class='ocr_line' id='line_1_45' title="bbox 320 4193 1343 4271; baseline -0.003 -16"><span class='ocrx_word' id='word_1_293' title='bbox 320 4201 349 4269; x_wconf 88' lang='lat'><strong>1)</strong></span> <span class='ocrx_word' id='word_1_294' title='bbox 365 4196 431 4267; x_wconf 84' lang='lat' dir='ltr'><strong>hinc</strong></span> <span class='ocrx_word' id='word_1_295' title='bbox 444 4193 537 4251; x_wconf 86' lang='lat' dir='ltr'><strong>elucet</strong></span> <span class='ocrx_word' id='word_1_296' title='bbox 549 4193 608 4248; x_wconf 86' lang='lat' dir='ltr'><strong>sine</strong></span> <span class='ocrx_word' id='word_1_297' title='bbox 620 4211 722 4252; x_wconf 84' lang='lat' dir='ltr'><strong>caussa</strong></span> <span class='ocrx_word' id='word_1_298' title='bbox 733 4196 847 4252; x_wconf 83' lang='lat' dir='ltr'><strong>Reiskic</strong></span> <span class='ocrx_word' id='word_1_299' title='bbox 866 4202 940 4262; x_wconf 84' lang='lat' dir='ltr'><strong>‚unte</strong></span> <span class='ocrx_word' id='word_1_300' title='bbox 952 4194 1047 4267; x_wconf 72' lang='grc' dir='ltr'><strong>ὥσπερ</strong></span> <span class='ocrx_word' id='word_1_301' title='bbox 1060 4201 1110 4253; x_wconf 85' lang='lat' dir='ltr'><strong>aut</strong></span> <span class='ocrx_word' id='word_1_302' title='bbox 1124 4196 1217 4255; x_wconf 73' lang='lat' dir='ltr'><strong>inille</strong></span> <span class='ocrx_word' id='word_1_303' title='bbox 1227 4197 1343 4271; x_wconf 78' lang='lat' dir='ltr'><strong>regione</strong></span> 
     </span>
     <span class='ocr_line' id='line_1_46' title="bbox 251 4281 1355 4355; baseline -0.001 -17"><span class='ocrx_word' id='word_1_304' title='bbox 251 4283 421 4353; x_wconf 73' lang='grc' dir='ltr'><strong>βουλόμενος</strong></span> <span class='ocrx_word' id='word_1_305' title='bbox 439 4285 489 4337; x_wconf 85' lang='lat' dir='ltr'><strong>aut</strong></span> <span class='ocrx_word' id='word_1_306' title='bbox 506 4281 602 4334; x_wconf 71' lang='grc' dir='ltr'><strong>θέλοι</strong></span> <span class='ocrx_word' id='word_1_307' title='bbox 625 4284 783 4346; x_wconf 68' lang='grc' dir='ltr'><strong>παιδειῶν</strong></span> <span class='ocrx_word' id='word_1_308' title='bbox 801 4287 851 4336; x_wconf 88' lang='lat' dir='ltr'><strong>aut</strong></span> <span class='ocrx_word' id='word_1_309' title='bbox 873 4283 931 4337; x_wconf 84' lang='lat' dir='ltr'><strong>tals</strong></span> <span class='ocrx_word' id='word_1_310' title='bbox 950 4285 1019 4355; x_wconf 90' lang='lat' dir='ltr'><strong>quid</strong></span> <span class='ocrx_word' id='word_1_311' title='bbox 1036 4286 1134 4342; x_wconf 78' lang='lat' dir='ltr'><strong>deesse</strong></span> <span class='ocrx_word' id='word_1_312' title='bbox 1156 4287 1248 4342; x_wconf 84' lang='lat' dir='ltr'><strong>uisum</strong></span> <span class='ocrx_word' id='word_1_313' title='bbox 1264 4291 1355 4343; x_wconf 67' lang='lat' dir='ltr'><strong>oasa„</strong></span> 
     </span>
    </p>
   </div>
   <div class='ocr_carea' id='block_1_7' title="bbox 0 0 1540 4658">
    <p class='ocr_par' dir='ltr' id='par_1_10' title="bbox 0 0 1540 4658">
     <span class='ocr_line' id='line_1_47' title="bbox 0 0 1540 4658; baseline 0 0"><span class='ocrx_word' id='word_1_314' title='bbox 0 0 1540 4658; x_wconf 95' lang='lat' dir='ltr'><strong> </strong></span> 
     </span>
    </p>
   </div>
  </div>
 </body>
</html>
