3060 4658
655 295 865 360 „33-

219 462 429 549 spopondisse
449 465 581 550 negitet
625 465 652 530 si
676 466 762 530 enim
783 464 964 551 Apaturius
982 463 1135 551 mandem
1148 485 1229 533 esse
1247 485 1305 531 ac-

217 572 320 630 torem
341 565 500 634 iudicibus
521 567 715 655 persuadere
736 576 871 654 poterat,
894 565 1305 639 actcrdissclueredebuis

218 667 315 733 etiam
339 668 367 733 si
388 692 452 736 non
473 671 673 751 mercatoria,
695 679 730 735 at
751 669 816 736 alia
836 679 923 737 certe
944 672 1071 739 actione
1093 670 1272 741 muratus
1294 710 1298 719 ·

302 793 414 845 uerum
442 774 526 839 enim
555 795 645 841 ueros
662 795 787 839 summo
817 796 913 861 opere
934 772 1083 861 equidem
1104 794 1233 857 wear,
1261 796 1304 843 ue

218 883 325 941 orator
358 874 393 939 id
427 877 513 963 quod
549 876 651 944 uoluit
687 876 845 943 iudicibus
880 877 1018 964 probare
1054 900 1120 953 non
1154 879 1306 966 potuerit,

216 979 353 1064 primum
376 979 505 1065 quidem
527 979 613 1047 nullo
629 979 812 1045 testimonio
832 980 1086 1051 demonstratum
1099 990 1150 1051 ost
1163 979 1300 1066 Archip-

215 1103 292 1169 pum
321 1081 576 1169 Myrrhinusium
603 1103 662 1168 pro
691 1080 906 1149 Parmenonte
933 1084 1153 1173 spopondisse
1202 1081 1301 1177 quid?

215 1207 322 1252 nonne
352 1186 534 1253 mirandum
556 1193 621 1265 est,
649 1183 735 1270 quod
757 1207 821 1249 non
843 1185 949 1274 ipsum
972 1186 1175 1276 Archippum
1194 1193 1305 1255 mator

216 1296 331 1355 testem
353 1287 525 1355 adhibuit?
569 1296 603 1353 at
623 1285 708 1352 dicet
730 1287 845 1373 ahquis
867 1289 1069 1378 Archippum
1090 1290 1239 1371 ueritum,
1257 1309 1307 1355 ne·

213 1392 284 1481 ipse
305 1394 474 1478 pecuniam
497 1390 672 1459 dissoluere
693 1401 870 1475 cogeretur,
892 1393 1110 1461 testimonium
1132 1392 1226 1459 edere
1245 1413 1301 1457 uo·

214 1495 322 1562 luisse.
375 1504 408 1562 at
432 1495 496 1562 hoc
517 1504 602 1562 certe
623 1494 818 1562 monendum
841 1506 910 1563 erat
932 1496 974 1562 ab
994 1504 1124 1563 oratore
1145 1493 1309 1580 simulque.

215 1608 285 1665 erat
314 1600 555 1687 exponendum,
584 1620 681 1685 quam
708 1600 804 1687 parui
827 1599 1008 1689 putandum
1037 1606 1126 1671 mssa
1144 1597 1303 1685 Archippi

216 1702 385 1771 silentium.
429 1701 492 1770 hac
511 1704 611 1789 igitur
632 1724 653 1768 a
673 1712 766 1792 parte
786 1725 853 1769 non
875 1702 1007 1771 dubium
1029 1712 1079 1771 est
1093 1702 1171 1789 quin
1185 1702 1309 1775 actoru,

216 1806 317 1872 oratio
347 1815 380 1873 et
408 1807 562 1872 acerrime
593 1813 626 1872 et
646 1805 829 1873 felicissime
850 1807 1037 1894 impugnari
1056 1805 1212 1895 potuerit,
1240 1804 1307 1875 uisi

214 1908 297 1975 forte
326 1909 511 1998 Archippus
543 1909 609 1975 mm
638 1910 706 1975 uita
736 1917 891 1992 cesserat,
923 1908 1009 1996 quod
1038 1917 1147 1979 tanum
1177 1905 1309 1981 silentio,

214 2013 468 2099 praetermittere
497 2019 607 2078 orator
634 2033 699 2077 non
722 2012 841 2079 debuit.
874 2012 1139 2083 *deindeosstor
1160 2032 1226 2079 non
1248 2010 1302 2083 de·

216 2116 408 2183 monstrauit
435 2115 618 2202 pactionem
646 2114 766 2181 idcirco
799 2115 938 2182 deletam
969 2136 1058 2199 esse,
1093 2134 1135 2183 ne
1163 2113 1306 2207 Apaturi

215 2220 324 2306 prauis
346 2218 486 2286 consiliis
509 2216 658 2284 obstaret.
702 2241 779 2284 nam
800 2239 996 2307 quamquam
1017 2217 1069 2284 bis
1086 2219 1151 2301 §.3
1172 2226 1204 2283 et
1218 2221 1249 2302 ἕ.
1263 2217 1308 2287 18

214 2320 372 2408 Eryxiam
394 2321 554 2389 medicum
574 2322 726 2414 Piraeum
748 2322 847 2388 totius
868 2323 933 2388 litis
954 2331 1121 2391 auctorem
1140 2340 1211 2391 esse
1232 2343 1305 2408 pro·

215 2426 352 2508 nuntiat,
374 2434 483 2492 mmen
503 2435 617 2492 neutm
639 2425 710 2492 loco
725 2425 905 2492 rationibus
919 2446 987 2490 rem
1003 2425 1143 2514 probare
1156 2423 1306 2497 instituit.

214 2528 443 2617 opportuniore
465 2551 542 2595 uero
564 2528 752 2596 condicione
772 2529 834 2595 tuit
847 2529 1042 2618 Apatruius:
1064 2527 1307 2617 primumcum

213 2629 390 2699 Aristocles
401 2633 427 2718 ¹)
456 2640 632 2698 testaturus
658 2641 728 2699 erat
751 2641 892 2698 actorem
912 2655 971 2720 pro
992 2630 1208 2705 Parmenonte
1228 2648 1309 2717 spor,

213 2735 375 2824 pondisse.
418 2756 479 2802 nec
500 2758 549 2819 ea,
571 2756 654 2823 quae
677 2735 720 2801 ad
741 2735 911 2803 Aristochs
931 2734 1029 2800 fidem
1042 2732 1308 2807 labefactandam.

213 2837 256 2902 ab
287 2847 414 2905 oratore
434 2839 461 2923 p„
484 2839 526 2907 38
558 2839 686 2925 prolata
708 2845 800 2914 sunt,
829 2838 893 2903 nisi
914 2836 1055 2924 Apaturi
1074 2837 1167 2905 iussu
1197 2838 1307 2923 pastio

213 2940 317 3008 deleta
331 2950 424 3024 esset,
439 2941 582 3007 futurum
599 2940 699 3008 fuisse
714 2948 750 3004 ut
763 2941 825 3004 iste
839 2939 1047 3009 uehementer
1060 2940 1163 3009 iratus
1177 2939 1305 3009 Aristo·
1409 3026 1412 3031 ¹

213 3044 293 3110 clem
322 3045 451 3110 nomine
479 3043 603 3110 deletae
632 3043 792 3131 pactionis
821 3042 1013 3129 postularet,
1043 3050 1169 3111 tautum
1195 3042 1309 3115 ualere

212 3147 291 3212 mihi
323 3148 490 3229 uidentur,
519 3156 556 3213 ut
585 3147 627 3213 ab
650 3146 808 3233 Apaturio
837 3146 915 3212 reici
943 3168 1010 3213 non
1030 3147 1201 3234 posuerint
1248 3144 1305 3217 hio

213 3252 298 3317 enim
320 3250 480 3336 urguebat
502 3251 616 3337 opinor
633 3252 702 3318 sine
717 3251 832 3319 fraude
847 3258 879 3315 et
895 3249 966 3317 dolo
982 3249 1136 3319 tabellam
1149 3249 1303 3321 amicam

214 3376 283 3420 esse
306 3354 518 3442 exposuitque
539 3356 652 3440 magni
674 3377 734 3422 sua
756 3353 948 3435 interfuisse,
974 3376 1015 3423 ne
1036 3356 1105 3423 eius
1125 3354 1310 3443 susciperet.

212 3459 405 3541 inimicitias,
427 3480 522 3546 quem
546 3458 649 3524 solum
669 3467 785 3525 testem
808 3457 870 3526 sibi
891 3457 960 3524 fore
977 3458 1132 3529 sciuisset
1175 3479 1216 3527 so
1229 3476 1303 3547 pro·

212 3561 296 3627 fecto
312 3585 376 3628 non
396 3563 464 3626 sine
480 3563 588 3649 ahqua
602 3560 840 3652 probabilitatis
855 3562 961 3649 specie
975 3561 1080 3629 dicere
1092 3561 1174 3629 haec
1184 3561 1303 3649 potuit:

212 3688 287 3731 narn
317 3674 425 3731 orator
454 3665 644 3751 neglexerat
673 3664 754 3731 illud
783 3687 939 3751 urguere,
968 3686 1031 3752 quo
1058 3687 1183 3739 summo
1206 3686 1311 3752 opere,

211 3767 363 3833 Aristocli
384 3767 480 3832 fidem
496 3768 665 3835 detrahere
679 3777 821 3856 poterat:
845 3768 982 3835 eundem
994 3769 1136 3856 Apaturi
1149 3768 1312 3857 praedem

211 3871 327 3952 fuisse,
355 3872 410 3956 qui
432 3870 681 3939 Parmenontem
707 3873 954 3939 condemnasset
965 3871 1009 3958 ‘);
1037 3870 1226 3958 neglexerat
1247 3894 1300 3937 cx·

278 4114 309 4271 dl)
324 4109 591 4255 dlerltdgbarestius
615 4214 681 4270 pag.
707 4199 756 4255 199
779 4197 833 4252 hoc
854 4195 986 4252 miratur:
1013 4197 1042 4251 la
1064 4194 1179 4251 cautim
1198 4195 1301 4265 d’Apu·

210 4284 317 4343 tourios
346 4284 438 4359 inquit
460 4282 530 4340 etait
557 4282 745 4355 precisement
765 4300 824 4353 *son
851 4282 956 4373 arbitra
984 4280 1151 4349 Aristocles,
1176 4298 1215 4338 oe
1241 4280 1299 4355 qui

1076 4369 1093 4425 3
