<?xml version="1.0" encoding="UTF-8"?>
<!DOCTYPE html PUBLIC "-//W3C//DTD XHTML 1.0 Transitional//EN"
    "http://www.w3.org/TR/xhtml1/DTD/xhtml1-transitional.dtd">
<html xmlns="http://www.w3.org/1999/xhtml" xml:lang="en" lang="en">
 <head>
  <title>
</title>
<meta http-equiv="Content-Type" content="text/html;charset=utf-8" />
  <meta name='ocr-system' content='tesseract 3.04.00' />
  <meta name='ocr-capabilities' content='ocr_page ocr_carea ocr_par ocr_line ocrx_word'/>
</head>
<body>
  <div class='ocr_page' id='page_1' title='image "./prolegomenonind01schugoog_0087.png"; bbox 0 0 3060 4658; ppageno 0'>
   <div class='ocr_carea' id='block_1_1' title="bbox 729 271 936 342">
    <p class='ocr_par' dir='ltr' id='par_1_1' title="bbox 729 271 936 342">
     <span class='ocr_line' id='line_1_1' title="bbox 729 271 936 342; baseline 0.024 -20"><span class='ocrx_word' id='word_1_1' title='bbox 729 271 936 342; x_wconf 70' lang='grc'>..78-</span> 
     </span>
    </p>
   </div>
   <div class='ocr_carea' id='block_1_2' title="bbox 284 439 1377 1046">
    <p class='ocr_par' dir='ltr' id='par_1_2' title="bbox 284 439 1377 1046">
     <span class='ocr_line' id='line_1_2' title="bbox 288 439 1375 531; baseline 0.003 -21"><span class='ocrx_word' id='word_1_2' title='bbox 288 480 327 495; x_wconf 87' lang='lat'>-</span> <span class='ocrx_word' id='word_1_3' title='bbox 350 439 424 531; x_wconf 80' lang='grc' dir='ltr'><em>οὐχὶ</em></span> <span class='ocrx_word' id='word_1_4' title='bbox 447 484 485 495; x_wconf 81' lang='lat'><em>-</em></span> <span class='ocrx_word' id='word_1_5' title='bbox 511 441 571 511; x_wconf 77' lang='grc' dir='ltr'><strong>υόκ</strong></span> <span class='ocrx_word' id='word_1_6' title='bbox 592 482 635 499; x_wconf 83' lang='grc'><strong>-</strong></span> <span class='ocrx_word' id='word_1_7' title='bbox 657 439 718 510; x_wconf 78' lang='grc' dir='ltr'><strong>νόν</strong></span> <span class='ocrx_word' id='word_1_8' title='bbox 740 485 783 499; x_wconf 70' lang='lat'><em>-</em></span> <span class='ocrx_word' id='word_1_9' title='bbox 804 442 865 513; x_wconf 81' lang='grc' dir='ltr'><strong><em>οὐν</em></strong></span> <span class='ocrx_word' id='word_1_10' title='bbox 890 482 926 494; x_wconf 90' lang='lat'>-</span> <span class='ocrx_word' id='word_1_11' title='bbox 957 439 1026 527; x_wconf 73' lang='grc' dir='ltr'><strong><em>οὖν,</em></strong></span> <span class='ocrx_word' id='word_1_12' title='bbox 1052 443 1231 513; x_wconf 89' lang='lat' dir='ltr'>XXXVII.</span> <span class='ocrx_word' id='word_1_13' title='bbox 1252 444 1297 525; x_wconf 57' lang='lat'><strong>„14</strong></span> <span class='ocrx_word' id='word_1_14' title='bbox 1318 446 1375 513; x_wconf 69' lang='lat' dir='ltr'><strong>tut-</strong></span> 
     </span>
     <span class='ocr_line' id='line_1_3' title="bbox 288 543 1375 635; baseline 0 -22"><span class='ocrx_word' id='word_1_15' title='bbox 288 570 391 629; x_wconf 82' lang='grc' dir='ltr'><strong><em>τευεν,</em></strong></span> <span class='ocrx_word' id='word_1_16' title='bbox 420 549 538 629; x_wconf 77' lang='grc' dir='ltr'><strong><em>ἐδεῖτο,</em></strong></span> <span class='ocrx_word' id='word_1_17' title='bbox 567 543 752 632; x_wconf 78' lang='grc' dir='ltr'><strong><em>ἠντιβόλει,</em></strong></span> <span class='ocrx_word' id='word_1_18' title='bbox 777 550 819 616; x_wconf 80' lang='lat'><strong>52</strong></span> <span class='ocrx_word' id='word_1_19' title='bbox 849 547 1143 635; x_wconf 81' lang='grc' dir='ltr'><strong><em>συκοφαντοῦντος</em></strong></span> <span class='ocrx_word' id='word_1_20' title='bbox 1164 544 1225 615; x_wconf 81' lang='grc' dir='ltr'><strong>οὐκ</strong></span> <span class='ocrx_word' id='word_1_21' title='bbox 1247 543 1375 619; x_wconf 79' lang='grc' dir='ltr'><strong><em>ἀδικου-</em></strong></span> 
     </span>
     <span class='ocr_line' id='line_1_4' title="bbox 285 644 1377 739; baseline -0.001 -22"><span class='ocrx_word' id='word_1_22' title='bbox 285 656 403 736; x_wconf 79' lang='grc' dir='ltr'><strong><em>μένου,</em></strong></span> <span class='ocrx_word' id='word_1_23' title='bbox 431 650 644 719; x_wconf 84' lang='lat' dir='ltr'>XXXVIIII.</span> <span class='ocrx_word' id='word_1_24' title='bbox 674 651 697 717; x_wconf 83' lang='grc'>4</span> <span class='ocrx_word' id='word_1_25' title='bbox 726 644 897 738; x_wconf 67' lang='grc' dir='ltr'><strong><em>εἰσήγαγεν</em></strong></span> <span class='ocrx_word' id='word_1_26' title='bbox 904 699 913 733; x_wconf 96' lang='grc'><strong><em>,</em></strong></span> <span class='ocrx_word' id='word_1_27' title='bbox 935 645 1126 736; x_wconf 71' lang='grc' dir='ltr'><strong><em>ἐποιήσατο,</em></strong></span> <span class='ocrx_word' id='word_1_28' title='bbox 1148 648 1315 739; x_wconf 72' lang='grc' dir='ltr'><strong><em>ἐγγράφει,</em></strong></span> <span class='ocrx_word' id='word_1_29' title='bbox 1338 651 1377 717; x_wconf 88' lang='grc'><strong>14</strong></span> 
     </span>
     <span class='ocr_line' id='line_1_5' title="bbox 285 747 1376 843; baseline -0.001 -23"><span class='ocrx_word' id='word_1_30' title='bbox 285 755 426 842; x_wconf 80' lang='grc' dir='ltr'><strong><em>γραφαὶ,</em></strong></span> <span class='ocrx_word' id='word_1_31' title='bbox 455 749 583 840; x_wconf 74' lang='grc' dir='ltr'><strong><em>φάσεις,</em></strong></span> <span class='ocrx_word' id='word_1_32' title='bbox 613 753 769 833; x_wconf 68' lang='grc' dir='ltr'><strong><em>ἐνδείξεις,</em></strong></span> <span class='ocrx_word' id='word_1_33' title='bbox 798 748 987 839; x_wconf 81' lang='grc' dir='ltr'><strong><em>ιὐιιεγωγαί,</em></strong></span> <span class='ocrx_word' id='word_1_34' title='bbox 1018 755 1062 820; x_wconf 86' lang='grc'><strong>34</strong></span> <span class='ocrx_word' id='word_1_35' title='bbox 1090 747 1304 843; x_wconf 68' lang='grc' dir='ltr'><strong><em>ἐπιβουλεύῃς</em></strong></span> <span class='ocrx_word' id='word_1_36' title='bbox 1332 755 1376 819; x_wconf 79' lang='grc' dir='ltr'><strong><em>δι·</em></strong></span> 
     </span>
     <span class='ocr_line' id='line_1_6' title="bbox 285 847 1374 949; baseline 0 -26"><span class='ocrx_word' id='word_1_37' title='bbox 285 857 368 947; x_wconf 77' lang='grc' dir='ltr'><strong><em>νεάζῃ</em></strong></span> <span class='ocrx_word' id='word_1_38' title='bbox 389 856 526 949; x_wconf 69' lang='grc' dir='ltr'><strong><em>φθονῇς</em></strong></span> <span class='ocrx_word' id='word_1_39' title='bbox 547 855 765 948; x_wconf 60' lang='lat' dir='ltr'><strong>timendo,</strong></span> <span class='ocrx_word' id='word_1_40' title='bbox 787 855 896 926; x_wconf 89' lang='lat' dir='ltr'>LIIII.</span> <span class='ocrx_word' id='word_1_41' title='bbox 918 857 936 923; x_wconf 78' lang='lat' dir='ltr'><strong>t</strong></span> <span class='ocrx_word' id='word_1_42' title='bbox 963 847 1085 922; x_wconf 80' lang='grc' dir='ltr'><strong><em>Κόνων</em></strong></span> <span class='ocrx_word' id='word_1_43' title='bbox 1113 854 1240 940; x_wconf 81' lang='grc' dir='ltr'><strong><em>οὑτοσὶ,</em></strong></span> <span class='ocrx_word' id='word_1_44' title='bbox 1265 855 1374 923; x_wconf 81' lang='grc' dir='ltr'><strong><em>Θεότι-</em></strong></span> 
     </span>
     <span class='ocr_line' id='line_1_7' title="bbox 284 947 1376 1046; baseline 0.003 -22"><span class='ocrx_word' id='word_1_45' title='bbox 284 953 348 1042; x_wconf 87' lang='grc' dir='ltr'><strong>μός</strong></span> <span class='ocrx_word' id='word_1_46' title='bbox 369 982 419 1035; x_wconf 87' lang='grc' dir='ltr'><strong>τις</strong></span> <span class='ocrx_word' id='word_1_47' title='bbox 441 961 522 1039; x_wconf 80' lang='grc' dir='ltr'><strong><em>κτλ,</em></strong></span> <span class='ocrx_word' id='word_1_48' title='bbox 543 961 586 1024; x_wconf 85' lang='grc'><strong>30</strong></span> <span class='ocrx_word' id='word_1_49' title='bbox 607 952 669 1038; x_wconf 76' lang='grc' dir='ltr'><strong>τὴν</strong></span> <span class='ocrx_word' id='word_1_50' title='bbox 691 954 790 1043; x_wconf 81' lang='grc' dir='ltr'><strong><em>ὥραν,</em></strong></span> <span class='ocrx_word' id='word_1_51' title='bbox 812 947 859 1025; x_wconf 83' lang='grc' dir='ltr'><strong><em>ὧν</em></strong></span> <span class='ocrx_word' id='word_1_52' title='bbox 880 963 982 1039; x_wconf 70' lang='grc' dir='ltr'><strong><em>ἕνεκα,</em></strong></span> <span class='ocrx_word' id='word_1_53' title='bbox 1004 952 1082 1036; x_wconf 80' lang='grc' dir='ltr'><strong><em>τεός</em></strong></span> <span class='ocrx_word' id='word_1_54' title='bbox 1101 952 1250 1046; x_wconf 78' lang='grc' dir='ltr'><strong><em>χρόνους,</em></strong></span> <span class='ocrx_word' id='word_1_55' title='bbox 1273 960 1376 1029; x_wconf 84' lang='lat' dir='ltr'>LVII</span> 
     </span>
    </p>
   </div>
   <div class='ocr_carea' id='block_1_3' title="bbox 282 1057 1450 1853">
    <p class='ocr_par' dir='ltr' id='par_1_3' title="bbox 282 1057 1450 1853">
     <span class='ocr_line' id='line_1_8' title="bbox 284 1057 1376 1151; baseline 0.002 -23"><span class='ocrx_word' id='word_1_56' title='bbox 284 1063 328 1128; x_wconf 79' lang='lat'><strong>24</strong></span> <span class='ocrx_word' id='word_1_57' title='bbox 349 1064 525 1151; x_wconf 78' lang='grc' dir='ltr'><strong><em>φράτορσι,</em></strong></span> <span class='ocrx_word' id='word_1_58' title='bbox 548 1066 725 1148; x_wconf 78' lang='grc' dir='ltr'><strong><em>συγγενέσι,</em></strong></span> <span class='ocrx_word' id='word_1_59' title='bbox 746 1057 915 1146; x_wconf 72' lang='grc' dir='ltr'><strong><em>δημόταις,</em></strong></span> <span class='ocrx_word' id='word_1_60' title='bbox 937 1062 1119 1147; x_wconf 81' lang='grc' dir='ltr'><strong><em>γεννήταις,</em></strong></span> <span class='ocrx_word' id='word_1_61' title='bbox 1137 1063 1182 1127; x_wconf 83' lang='grc'><strong>-29</strong></span> <span class='ocrx_word' id='word_1_62' title='bbox 1204 1059 1265 1131; x_wconf 83' lang='grc' dir='ltr'><strong>οὐκ</strong></span> <span class='ocrx_word' id='word_1_63' title='bbox 1286 1062 1376 1133; x_wconf 71' lang='lat' dir='ltr'><strong>dast-</strong></span> 
     </span>
     <span class='ocr_line' id='line_1_9' title="bbox 283 1157 1377 1254; baseline 0.002 -23"><span class='ocrx_word' id='word_1_64' title='bbox 283 1187 353 1249; x_wconf 81' lang='grc' dir='ltr'><strong><em>ιιεν,</em></strong></span> <span class='ocrx_word' id='word_1_65' title='bbox 375 1163 437 1231; x_wconf 84' lang='grc' dir='ltr'><strong>οὐκ</strong></span> <span class='ocrx_word' id='word_1_66' title='bbox 459 1160 625 1245; x_wconf 71' lang='grc' dir='ltr'><strong><em>ἐκώλυσεν,</em></strong></span> <span class='ocrx_word' id='word_1_67' title='bbox 647 1159 687 1231; x_wconf 86' lang='grc' dir='ltr'><strong>οὐ</strong></span> <span class='ocrx_word' id='word_1_68' title='bbox 710 1165 806 1243; x_wconf 77' lang='grc' dir='ltr'><strong><em>δίκην</em></strong></span> <span class='ocrx_word' id='word_1_69' title='bbox 828 1166 951 1252; x_wconf 73' lang='grc' dir='ltr'><strong><em>ἔλαχεν,</em></strong></span> <span class='ocrx_word' id='word_1_70' title='bbox 971 1164 1015 1230; x_wconf 84' lang='grc'><strong>54</strong></span> <span class='ocrx_word' id='word_1_71' title='bbox 1036 1157 1119 1249; x_wconf 76' lang='grc' dir='ltr'><strong><em>ἦγον</em></strong></span> <span class='ocrx_word' id='word_1_72' title='bbox 1140 1169 1183 1241; x_wconf 71' lang='grc' dir='ltr'><strong>εὶς</strong></span> <span class='ocrx_word' id='word_1_73' title='bbox 1200 1159 1277 1242; x_wconf 79' lang='grc' dir='ltr'><strong><em>τοὺς</em></strong></span> <span class='ocrx_word' id='word_1_74' title='bbox 1292 1159 1377 1254; x_wconf 80' lang='grc' dir='ltr'><strong><em>φρό-</em></strong></span> 
     </span>
     <span class='ocr_line' id='line_1_10' title="bbox 284 1254 1378 1353; baseline 0.005 -20"><span class='ocrx_word' id='word_1_75' title='bbox 284 1291 394 1353; x_wconf 84' lang='grc' dir='ltr'><strong><em>τορας,</em></strong></span> <span class='ocrx_word' id='word_1_76' title='bbox 424 1272 468 1344; x_wconf 82' lang='grc' dir='ltr'><strong><em>ιλς</em></strong></span> <span class='ocrx_word' id='word_1_77' title='bbox 486 1260 690 1344; x_wconf 75' lang='grc' dir='ltr'><strong><em>Ἀπόλλωνος</em></strong></span> <span class='ocrx_word' id='word_1_78' title='bbox 712 1254 804 1351; x_wconf 81' lang='grc' dir='ltr'><strong><em>ἦγον,</em></strong></span> <span class='ocrx_word' id='word_1_79' title='bbox 832 1268 875 1333; x_wconf 81' lang='grc'><strong>56</strong></span> <span class='ocrx_word' id='word_1_80' title='bbox 896 1266 1161 1353; x_wconf 78' lang='grc' dir='ltr'><strong><em>μαρτυροῦντας,</em></strong></span> <span class='ocrx_word' id='word_1_81' title='bbox 1182 1262 1378 1353; x_wconf 80' lang='grc' dir='ltr'><strong><em>ὀμνύοντας.</em></strong></span> 
     </span>
     <span class='ocr_line' id='line_1_11' title="bbox 283 1369 1377 1458; baseline 0.007 -23"><span class='ocrx_word' id='word_1_82' title='bbox 283 1372 318 1436; x_wconf 83' lang='lat' dir='ltr'><strong>in</strong></span> <span class='ocrx_word' id='word_1_83' title='bbox 349 1372 495 1437; x_wconf 77' lang='lat' dir='ltr'><strong>oratione</strong></span> <span class='ocrx_word' id='word_1_84' title='bbox 517 1379 624 1436; x_wconf 83' lang='lat' dir='ltr'><strong>autem</strong></span> <span class='ocrx_word' id='word_1_85' title='bbox 645 1369 801 1437; x_wconf 90' lang='lat' dir='ltr'>XXXIII</span> <span class='ocrx_word' id='word_1_86' title='bbox 824 1369 1068 1437; x_wconf 74' lang='lat' dir='ltr'><strong>dissolutionem</strong></span> <span class='ocrx_word' id='word_1_87' title='bbox 1089 1372 1210 1439; x_wconf 81' lang='lat' dir='ltr'><strong>frustra</strong></span> <span class='ocrx_word' id='word_1_88' title='bbox 1232 1394 1377 1458; x_wconf 78' lang='lat' dir='ltr'><strong>queeoes.</strong></span> 
     </span>
     <span class='ocr_line' id='line_1_12' title="bbox 366 1471 1376 1563; baseline 0.006 -25"><span class='ocrx_word' id='word_1_89' title='bbox 366 1473 448 1541; x_wconf 82' lang='lat' dir='ltr'><strong>haee</strong></span> <span class='ocrx_word' id='word_1_90' title='bbox 477 1494 584 1562; x_wconf 75' lang='lat' dir='ltr'><strong>peuce</strong></span> <span class='ocrx_word' id='word_1_91' title='bbox 614 1472 654 1538; x_wconf 89' lang='lat' dir='ltr'><strong>de</strong></span> <span class='ocrx_word' id='word_1_92' title='bbox 676 1481 793 1539; x_wconf 81' lang='lat' dir='ltr'><strong>ornatu</strong></span> <span class='ocrx_word' id='word_1_93' title='bbox 815 1474 970 1541; x_wconf 80' lang='lat' dir='ltr'><strong>orationis</strong></span> <span class='ocrx_word' id='word_1_94' title='bbox 993 1471 1149 1539; x_wconf 80' lang='lat' dir='ltr'><strong>aduersus</strong></span> <span class='ocrx_word' id='word_1_95' title='bbox 1181 1476 1376 1563; x_wconf 79' lang='lat' dir='ltr'><strong>Apaturium</strong></span> 
     </span>
     <span class='ocr_line' id='line_1_13' title="bbox 282 1576 1379 1661; baseline 0.005 -21"><span class='ocrx_word' id='word_1_96' title='bbox 282 1576 415 1642; x_wconf 76' lang='lat' dir='ltr'><strong>habitae</strong></span> <span class='ocrx_word' id='word_1_97' title='bbox 444 1576 660 1661; x_wconf 83' lang='lat' dir='ltr'><strong>dispotsuisse</strong></span> <span class='ocrx_word' id='word_1_98' title='bbox 692 1577 771 1640; x_wconf 86' lang='lat' dir='ltr'><strong>setis</strong></span> <span class='ocrx_word' id='word_1_99' title='bbox 800 1576 914 1645; x_wconf 73' lang='lat' dir='ltr'><strong>habeo.</strong></span> <span class='ocrx_word' id='word_1_100' title='bbox 971 1578 1118 1645; x_wconf 82' lang='lat' dir='ltr'><strong>existimo</strong></span> <span class='ocrx_word' id='word_1_101' title='bbox 1148 1599 1226 1645; x_wconf 78' lang='lat' dir='ltr'><strong>uero</strong></span> <span class='ocrx_word' id='word_1_102' title='bbox 1257 1578 1309 1647; x_wconf 89' lang='lat' dir='ltr'><strong>uel</strong></span> <span class='ocrx_word' id='word_1_103' title='bbox 1339 1602 1379 1646; x_wconf 84' lang='lat' dir='ltr'><strong>es</strong></span> 
     </span>
     <span class='ocr_line' id='line_1_14' title="bbox 283 1677 1450 1766; baseline 0.002 -21"><span class='ocrx_word' id='word_1_104' title='bbox 283 1678 511 1760; x_wconf 73' lang='lat' dir='ltr'><strong>idomeneus,</strong></span> <span class='ocrx_word' id='word_1_105' title='bbox 542 1699 628 1763; x_wconf 79' lang='lat' dir='ltr'><strong>quse</strong></span> <span class='ocrx_word' id='word_1_106' title='bbox 648 1677 708 1744; x_wconf 91' lang='lat' dir='ltr'><strong>tibi</strong></span> <span class='ocrx_word' id='word_1_107' title='bbox 730 1678 967 1760; x_wconf 76' lang='lat' dir='ltr'><strong>demonstrent,</strong></span> <span class='ocrx_word' id='word_1_108' title='bbox 988 1689 1144 1766; x_wconf 76' lang='lat' dir='ltr'><strong>quantum</strong></span> <span class='ocrx_word' id='word_1_109' title='bbox 1166 1702 1270 1766; x_wconf 84' lang='lat' dir='ltr'><strong>genus</strong></span> <span class='ocrx_word' id='word_1_110' title='bbox 1290 1681 1378 1747; x_wconf 87' lang='lat' dir='ltr'><strong>illius</strong></span> <span class='ocrx_word' id='word_1_111' title='bbox 1445 1689 1450 1703; x_wconf 85' lang='lat'><strong><em>‘</em></strong></span> 
     </span>
     <span class='ocr_line' id='line_1_15' title="bbox 283 1779 1399 1853; baseline 0.003 -5"><span class='ocrx_word' id='word_1_112' title='bbox 283 1782 437 1848; x_wconf 78' lang='lat' dir='ltr'><strong>orationis</strong></span> <span class='ocrx_word' id='word_1_113' title='bbox 466 1803 487 1845; x_wconf 80' lang='lat' dir='ltr'>a</span> <span class='ocrx_word' id='word_1_114' title='bbox 507 1779 728 1849; x_wconf 76' lang='lat' dir='ltr'><strong>Demosthene</strong></span> <span class='ocrx_word' id='word_1_115' title='bbox 753 1803 877 1848; x_wconf 87' lang='lat' dir='ltr'><strong>summo</strong></span> <span class='ocrx_word' id='word_1_116' title='bbox 901 1781 1099 1851; x_wconf 79' lang='lat' dir='ltr'><strong>Graecorum</strong></span> <span class='ocrx_word' id='word_1_117' title='bbox 1122 1793 1249 1851; x_wconf 77' lang='lat' dir='ltr'><strong>oratore</strong></span> <span class='ocrx_word' id='word_1_118' title='bbox 1272 1785 1377 1853; x_wconf 87' lang='lat' dir='ltr'><strong>distet</strong></span> <span class='ocrx_word' id='word_1_119' title='bbox 1396 1816 1399 1820; x_wconf 44' lang='grc'>“</span> 
     </span>
    </p>
   </div>
   <div class='ocr_carea' id='block_1_4' title="bbox 282 1884 1505 1971">
    <p class='ocr_par' dir='ltr' id='par_1_4' title="bbox 282 1884 1505 1971">
     <span class='ocr_line' id='line_1_16' title="bbox 282 1884 1505 1971; baseline 0 -18"><span class='ocrx_word' id='word_1_120' title='bbox 282 1906 324 1953; x_wconf 77' lang='lat' dir='ltr'><strong>no</strong></span> <span class='ocrx_word' id='word_1_121' title='bbox 343 1907 385 1950; x_wconf 91' lang='lat' dir='ltr'><strong>ne</strong></span> <span class='ocrx_word' id='word_1_122' title='bbox 408 1884 504 1971; x_wconf 79' lang='lat' dir='ltr'><strong>plura</strong></span> <span class='ocrx_word' id='word_1_123' title='bbox 517 1887 673 1971; x_wconf 76' lang='lat' dir='ltr'><strong>requiras,</strong></span> <span class='ocrx_word' id='word_1_124' title='bbox 696 1885 764 1951; x_wconf 88' lang='lat' dir='ltr'><strong>eius</strong></span> <span class='ocrx_word' id='word_1_125' title='bbox 780 1884 868 1950; x_wconf 90' lang='lat' dir='ltr'><strong>modi</strong></span> <span class='ocrx_word' id='word_1_126' title='bbox 882 1886 916 1949; x_wconf 89' lang='lat' dir='ltr'><strong>in</strong></span> <span class='ocrx_word' id='word_1_127' title='bbox 930 1885 1173 1971; x_wconf 78' lang='lat' dir='ltr'><strong>quaestionibus</strong></span> <span class='ocrx_word' id='word_1_128' title='bbox 1187 1908 1253 1957; x_wconf 90' lang='lat' dir='ltr'><strong>non</strong></span> <span class='ocrx_word' id='word_1_129' title='bbox 1268 1892 1377 1955; x_wconf 81' lang='lat' dir='ltr'><strong>omnis</strong></span> <span class='ocrx_word' id='word_1_130' title='bbox 1504 1948 1505 1953; x_wconf 73' lang='grc'><strong><em>,</em></strong></span> 
     </span>
    </p>
   </div>
   <div class='ocr_carea' id='block_1_5' title="bbox 276 1988 1379 3933">
    <p class='ocr_par' dir='ltr' id='par_1_5' title="bbox 279 1988 1377 2491">
     <span class='ocr_line' id='line_1_17' title="bbox 281 1988 1377 2076; baseline 0.005 -24"><span class='ocrx_word' id='word_1_131' title='bbox 281 1988 409 2073; x_wconf 84' lang='lat' dir='ltr'><strong>legibus</strong></span> <span class='ocrx_word' id='word_1_132' title='bbox 439 1988 658 2054; x_wconf 85' lang='lat' dir='ltr'><strong>eiroumsoribi</strong></span> <span class='ocrx_word' id='word_1_133' title='bbox 687 1995 838 2076; x_wconf 87' lang='lat' dir='ltr'><strong>possunt,</strong></span> <span class='ocrx_word' id='word_1_134' title='bbox 866 1988 925 2054; x_wconf 89' lang='lat' dir='ltr'><strong>sed</strong></span> <span class='ocrx_word' id='word_1_135' title='bbox 946 1988 1162 2057; x_wconf 75' lang='lat' dir='ltr'><strong>consulendus</strong></span> <span class='ocrx_word' id='word_1_136' title='bbox 1185 1999 1260 2057; x_wconf 91' lang='lat' dir='ltr'><strong>sunt</strong></span> <span class='ocrx_word' id='word_1_137' title='bbox 1281 2013 1377 2057; x_wconf 86' lang='lat' dir='ltr'><strong>aures</strong></span> 
     </span>
     <span class='ocr_line' id='line_1_18' title="bbox 282 2089 1377 2166; baseline 0 -7"><span class='ocrx_word' id='word_1_138' title='bbox 282 2091 512 2161; x_wconf 84' lang='lat' dir='ltr'><strong>Demosthenis</strong></span> <span class='ocrx_word' id='word_1_139' title='bbox 540 2089 742 2159; x_wconf 84' lang='lat' dir='ltr'><strong>orationibus</strong></span> <span class='ocrx_word' id='word_1_140' title='bbox 768 2091 951 2159; x_wconf 77' lang='lat' dir='ltr'><strong>lectitandis</strong></span> <span class='ocrx_word' id='word_1_141' title='bbox 979 2095 1176 2159; x_wconf 78' lang='lat' dir='ltr'><strong>exercitatae</strong></span> <span class='ocrx_word' id='word_1_142' title='bbox 1197 2103 1230 2158; x_wconf 89' lang='lat' dir='ltr'><strong>et</strong></span> <span class='ocrx_word' id='word_1_143' title='bbox 1252 2094 1377 2166; x_wconf 88' lang='lat' dir='ltr'><strong>intelle·</strong></span> 
     </span>
     <span class='ocr_line' id='line_1_19' title="bbox 280 2193 1376 2284; baseline 0.006 -24"><span class='ocrx_word' id='word_1_144' title='bbox 280 2217 361 2281; x_wconf 81' lang='lat' dir='ltr'><strong>gens</strong></span> <span class='ocrx_word' id='word_1_145' title='bbox 375 2195 530 2261; x_wconf 85' lang='lat' dir='ltr'><strong>iudioium</strong></span> <span class='ocrx_word' id='word_1_146' title='bbox 551 2203 600 2260; x_wconf 88' lang='lat' dir='ltr'><strong>est</strong></span> <span class='ocrx_word' id='word_1_147' title='bbox 621 2193 850 2265; x_wconf 73' lang='lat' dir='ltr'><strong>adhibendum.</strong></span> <span class='ocrx_word' id='word_1_148' title='bbox 879 2195 964 2263; x_wconf 80' lang='lat' dir='ltr'><strong>hene</strong></span> <span class='ocrx_word' id='word_1_149' title='bbox 978 2218 1105 2283; x_wconf 86' lang='lat' dir='ltr'><strong>quoque</strong></span> <span class='ocrx_word' id='word_1_150' title='bbox 1118 2197 1154 2262; x_wconf 91' lang='lat' dir='ltr'><strong>in</strong></span> <span class='ocrx_word' id='word_1_151' title='bbox 1169 2206 1294 2284; x_wconf 82' lang='lat' dir='ltr'><strong>partem</strong></span> <span class='ocrx_word' id='word_1_152' title='bbox 1309 2221 1376 2267; x_wconf 82' lang='lat' dir='ltr'><strong>non</strong></span> 
     </span>
     <span class='ocr_line' id='line_1_20' title="bbox 279 2296 1304 2388; baseline 0.001 -24"><span class='ocrx_word' id='word_1_153' title='bbox 279 2299 447 2365; x_wconf 86' lang='lat' dir='ltr'><strong>minimum</strong></span> <span class='ocrx_word' id='word_1_154' title='bbox 462 2297 577 2364; x_wconf 82' lang='lat' dir='ltr'><strong>uslere</strong></span> <span class='ocrx_word' id='word_1_155' title='bbox 599 2296 678 2365; x_wconf 86' lang='lat' dir='ltr'><strong>mihi</strong></span> <span class='ocrx_word' id='word_1_156' title='bbox 699 2298 827 2367; x_wconf 85' lang='lat' dir='ltr'><strong>uidetur</strong></span> <span class='ocrx_word' id='word_1_157' title='bbox 849 2297 968 2364; x_wconf 80' lang='lat' dir='ltr'><strong>Gosthi</strong></span> <span class='ocrx_word' id='word_1_158' title='bbox 987 2301 1143 2367; x_wconf 76' lang='lat' dir='ltr'><strong>nostratis</strong></span> <span class='ocrx_word' id='word_1_159' title='bbox 1166 2300 1247 2367; x_wconf 86' lang='lat' dir='ltr'><strong>illud</strong></span> <span class='ocrx_word' id='word_1_160' title='bbox 1260 2302 1304 2388; x_wconf 75' lang='grc'><strong>1);</strong></span> 
     </span>
     <span class='ocr_line' id='line_1_21' title="bbox 511 2402 1148 2491; baseline -0.002 -25"><span class='ocrx_word' id='word_1_161' title='bbox 511 2402 554 2481; x_wconf 87' lang='lat' dir='ltr'><strong>,ni</strong></span> <span class='ocrx_word' id='word_1_162' title='bbox 576 2402 732 2483; x_wconf 78' lang='lat' dir='ltr'><strong>sentiatis,</strong></span> <span class='ocrx_word' id='word_1_163' title='bbox 753 2424 819 2468; x_wconf 89' lang='lat' dir='ltr'><strong>non</strong></span> <span class='ocrx_word' id='word_1_164' title='bbox 841 2404 976 2487; x_wconf 85' lang='lat' dir='ltr'><strong>potestis</strong></span> <span class='ocrx_word' id='word_1_165' title='bbox 998 2404 1148 2491; x_wconf 77' lang='lat' dir='ltr'><strong>essequi‘.</strong></span> 
     </span>
    </p>

    <p class='ocr_par' dir='ltr' id='par_1_6' title="bbox 365 2504 1376 2591">
     <span class='ocr_line' id='line_1_22' title="bbox 365 2504 1376 2591; baseline 0.005 -21"><span class='ocrx_word' id='word_1_166' title='bbox 365 2504 475 2591; x_wconf 86' lang='lat' dir='ltr'><strong>Atque</strong></span> <span class='ocrx_word' id='word_1_167' title='bbox 504 2507 657 2591; x_wconf 82' lang='lat' dir='ltr'><strong>quonium</strong></span> <span class='ocrx_word' id='word_1_168' title='bbox 686 2513 718 2570; x_wconf 85' lang='lat' dir='ltr'><strong>et</strong></span> <span class='ocrx_word' id='word_1_169' title='bbox 750 2504 790 2570; x_wconf 87' lang='lat' dir='ltr'><strong>de</strong></span> <span class='ocrx_word' id='word_1_170' title='bbox 822 2504 958 2590; x_wconf 74' lang='lat' dir='ltr'><strong>singolis</strong></span> <span class='ocrx_word' id='word_1_171' title='bbox 985 2505 1093 2573; x_wconf 85' lang='lat' dir='ltr'><strong>uerbis</strong></span> <span class='ocrx_word' id='word_1_172' title='bbox 1123 2516 1156 2573; x_wconf 88' lang='lat' dir='ltr'><strong>st</strong></span> <span class='ocrx_word' id='word_1_173' title='bbox 1184 2507 1226 2572; x_wconf 88' lang='lat' dir='ltr'><strong>de</strong></span> <span class='ocrx_word' id='word_1_174' title='bbox 1256 2517 1376 2575; x_wconf 81' lang='lat' dir='ltr'><strong>ornatu</strong></span> 
     </span>
    </p>

    <p class='ocr_par' dir='ltr' id='par_1_7' title="bbox 281 2606 1049 2794">
     <span class='ocr_line' id='line_1_23' title="bbox 281 2606 985 2695; baseline -0.001 -21"><span class='ocrx_word' id='word_1_175' title='bbox 281 2608 436 2675; x_wconf 76' lang='lat' dir='ltr'><strong>orationis</strong></span> <span class='ocrx_word' id='word_1_176' title='bbox 458 2609 676 2695; x_wconf 81' lang='lat' dir='ltr'><strong>exposuimus,</strong></span> <span class='ocrx_word' id='word_1_177' title='bbox 697 2606 855 2693; x_wconf 85' lang='lat' dir='ltr'><strong>reliquum</strong></span> <span class='ocrx_word' id='word_1_178' title='bbox 878 2617 985 2674; x_wconf 91' lang='lat' dir='ltr'><strong>estut</strong></span> 
     </span>
     <span class='ocr_line' id='line_1_24' title="bbox 601 2708 1049 2794; baseline 0.009 -19"><span class='ocrx_word' id='word_1_179' title='bbox 601 2710 664 2775; x_wconf 81' lang='lat' dir='ltr'><strong>DE</strong></span> <span class='ocrx_word' id='word_1_180' title='bbox 688 2708 1049 2794; x_wconf 68' lang='lat' dir='ltr'>CONPOSITIONEo</span> 
     </span>
    </p>

    <p class='ocr_par' dir='ltr' id='par_1_8' title="bbox 276 2812 1375 3729">
     <span class='ocr_line' id='line_1_25' title="bbox 279 2812 1375 2885; baseline 0 -2"><span class='ocrx_word' id='word_1_181' title='bbox 279 2814 435 2885; x_wconf 67' lang='lat' dir='ltr'><strong>meamus.</strong></span> <span class='ocrx_word' id='word_1_182' title='bbox 486 2814 634 2881; x_wconf 75' lang='lat' dir='ltr'><strong>Blessius</strong></span> <span class='ocrx_word' id='word_1_183' title='bbox 665 2812 686 2877; x_wconf 91' lang='lat' dir='ltr'><strong>l.</strong></span> <span class='ocrx_word' id='word_1_184' title='bbox 716 2813 753 2879; x_wconf 71' lang='lat' dir='ltr'><strong>ol,</strong></span> <span class='ocrx_word' id='word_1_185' title='bbox 781 2823 868 2881; x_wconf 79' lang='lat' dir='ltr'><strong>reete</strong></span> <span class='ocrx_word' id='word_1_186' title='bbox 898 2825 1007 2883; x_wconf 90' lang='lat' dir='ltr'><strong>monet</strong></span> <span class='ocrx_word' id='word_1_187' title='bbox 1035 2817 1137 2883; x_wconf 82' lang='lat' dir='ltr'><strong>uerba</strong></span> <span class='ocrx_word' id='word_1_188' title='bbox 1165 2818 1200 2881; x_wconf 92' lang='lat' dir='ltr'><strong>in</strong></span> <span class='ocrx_word' id='word_1_189' title='bbox 1230 2817 1375 2883; x_wconf 79' lang='lat' dir='ltr'><strong>oratione</strong></span> 
     </span>
     <span class='ocr_line' id='line_1_26' title="bbox 279 2916 1373 3005; baseline -0.001 -20"><span class='ocrx_word' id='word_1_190' title='bbox 279 2916 431 2985; x_wconf 89' lang='lat' dir='ltr'>XXXIII</span> <span class='ocrx_word' id='word_1_191' title='bbox 453 2917 642 3005; x_wconf 84' lang='lat' dir='ltr'><strong>plerumque</strong></span> <span class='ocrx_word' id='word_1_192' title='bbox 661 2918 710 2985; x_wconf 79' lang='lat' dir='ltr'><strong>its</strong></span> <span class='ocrx_word' id='word_1_193' title='bbox 731 2918 889 2984; x_wconf 79' lang='lat' dir='ltr'><strong>eolloostu</strong></span> <span class='ocrx_word' id='word_1_194' title='bbox 914 2940 994 2999; x_wconf 89' lang='lat' dir='ltr'><strong>esse,</strong></span> <span class='ocrx_word' id='word_1_195' title='bbox 1015 2929 1052 2985; x_wconf 91' lang='lat' dir='ltr'><strong>ut</strong></span> <span class='ocrx_word' id='word_1_196' title='bbox 1064 2920 1218 2986; x_wconf 84' lang='lat' dir='ltr'><strong>oireuitus</strong></span> <span class='ocrx_word' id='word_1_197' title='bbox 1233 2929 1265 2984; x_wconf 91' lang='lat' dir='ltr'><strong>et</strong></span> <span class='ocrx_word' id='word_1_198' title='bbox 1280 2920 1373 3005; x_wconf 80' lang='lat' dir='ltr'><strong>quusi</strong></span> 
     </span>
     <span class='ocr_line' id='line_1_27' title="bbox 279 3021 1372 3111; baseline 0.001 -23"><span class='ocrx_word' id='word_1_199' title='bbox 279 3022 367 3089; x_wconf 87' lang='lat' dir='ltr'><strong>orbis</strong></span> <span class='ocrx_word' id='word_1_200' title='bbox 389 3022 546 3108; x_wconf 77' lang='lat' dir='ltr'><strong>quosdam</strong></span> <span class='ocrx_word' id='word_1_201' title='bbox 569 3021 728 3089; x_wconf 72' lang='lat' dir='ltr'><strong>efficiant</strong></span> <span class='ocrx_word' id='word_1_202' title='bbox 763 3043 823 3086; x_wconf 88' lang='lat' dir='ltr'><strong>neo</strong></span> <span class='ocrx_word' id='word_1_203' title='bbox 838 3030 946 3088; x_wconf 80' lang='lat' dir='ltr'><strong>tomen</strong></span> <span class='ocrx_word' id='word_1_204' title='bbox 964 3023 1059 3087; x_wconf 90' lang='lat' dir='ltr'><strong>nimis</strong></span> <span class='ocrx_word' id='word_1_205' title='bbox 1080 3044 1215 3111; x_wconf 81' lang='lat' dir='ltr'><strong>operose</strong></span> <span class='ocrx_word' id='word_1_206' title='bbox 1228 3021 1281 3087; x_wconf 87' lang='lat' dir='ltr'><strong>uel</strong></span> <span class='ocrx_word' id='word_1_207' title='bbox 1294 3022 1372 3101; x_wconf 81' lang='lat' dir='ltr'><strong>arti·</strong></span> 
     </span>
     <span class='ocr_line' id='line_1_28' title="bbox 278 3122 1372 3210; baseline -0.001 -20"><span class='ocrx_word' id='word_1_208' title='bbox 278 3124 387 3191; x_wconf 85' lang='lat' dir='ltr'><strong>fioiose</strong></span> <span class='ocrx_word' id='word_1_209' title='bbox 398 3124 691 3210; x_wconf 75' lang='lat' dir='ltr'><strong>conprehensiones</strong></span> <span class='ocrx_word' id='word_1_210' title='bbox 706 3122 878 3189; x_wconf 79' lang='lat' dir='ltr'><strong>uerborum</strong></span> <span class='ocrx_word' id='word_1_211' title='bbox 884 3124 995 3190; x_wconf 76' lang='lat' dir='ltr'><strong>foetae</strong></span> <span class='ocrx_word' id='word_1_212' title='bbox 1007 3134 1093 3192; x_wconf 79' lang='lat' dir='ltr'><strong>sunt:</strong></span> <span class='ocrx_word' id='word_1_213' title='bbox 1109 3147 1185 3192; x_wconf 81' lang='lat' dir='ltr'><strong>nam</strong></span> <span class='ocrx_word' id='word_1_214' title='bbox 1197 3125 1372 3191; x_wconf 70' lang='lat' dir='ltr'><strong>maximam</strong></span> 
     </span>
     <span class='ocr_line' id='line_1_29' title="bbox 277 3226 1370 3315; baseline 0.003 -24"><span class='ocrx_word' id='word_1_215' title='bbox 277 3237 403 3313; x_wconf 81' lang='lat' dir='ltr'><strong>partem</strong></span> <span class='ocrx_word' id='word_1_216' title='bbox 433 3235 511 3315; x_wconf 82' lang='lat' dir='ltr'><strong>apte</strong></span> <span class='ocrx_word' id='word_1_217' title='bbox 539 3237 571 3293; x_wconf 88' lang='lat' dir='ltr'><strong>et</strong></span> <span class='ocrx_word' id='word_1_218' title='bbox 599 3227 692 3314; x_wconf 84' lang='lat' dir='ltr'><strong>quasi</strong></span> <span class='ocrx_word' id='word_1_219' title='bbox 722 3226 862 3293; x_wconf 82' lang='lat' dir='ltr'><strong>rotunda</strong></span> <span class='ocrx_word' id='word_1_220' title='bbox 883 3227 1056 3294; x_wconf 86' lang='lat' dir='ltr'><strong>uerborum</strong></span> <span class='ocrx_word' id='word_1_221' title='bbox 1078 3230 1273 3299; x_wconf 80' lang='lat' dir='ltr'><strong>constructio</strong></span> <span class='ocrx_word' id='word_1_222' title='bbox 1295 3250 1370 3294; x_wconf 88' lang='lat' dir='ltr'><strong>oon·</strong></span> 
     </span>
     <span class='ocr_line' id='line_1_30' title="bbox 277 3328 1371 3418; baseline 0 -23"><span class='ocrx_word' id='word_1_223' title='bbox 277 3331 398 3397; x_wconf 79' lang='lat' dir='ltr'><strong>tinetm</strong></span> <span class='ocrx_word' id='word_1_224' title='bbox 409 3330 626 3399; x_wconf 75' lang='lat' dir='ltr'><strong>concinnitate</strong></span> <span class='ocrx_word' id='word_1_225' title='bbox 638 3328 853 3396; x_wconf 86' lang='lat' dir='ltr'><strong>membrorum</strong></span> <span class='ocrx_word' id='word_1_226' title='bbox 864 3333 901 3418; x_wconf 73' lang='lat'><strong>⁸),</strong></span> <span class='ocrx_word' id='word_1_227' title='bbox 916 3333 968 3397; x_wconf 89' lang='lat' dir='ltr'><strong>oui</strong></span> <span class='ocrx_word' id='word_1_228' title='bbox 984 3354 1107 3399; x_wconf 89' lang='lat' dir='ltr'><strong>summo</strong></span> <span class='ocrx_word' id='word_1_229' title='bbox 1122 3354 1219 3418; x_wconf 87' lang='lat' dir='ltr'><strong>opere</strong></span> <span class='ocrx_word' id='word_1_230' title='bbox 1234 3332 1371 3418; x_wconf 81' lang='lat' dir='ltr'><strong>scriptos·</strong></span> 
     </span>
     <span class='ocr_line' id='line_1_31' title="bbox 277 3431 1370 3522; baseline 0.004 -26"><span class='ocrx_word' id='word_1_231' title='bbox 277 3431 432 3499; x_wconf 76' lang='lat' dir='ltr'><strong>orationis</strong></span> <span class='ocrx_word' id='word_1_232' title='bbox 455 3433 572 3505; x_wconf 79' lang='lat' dir='ltr'><strong>studet.</strong></span> <span class='ocrx_word' id='word_1_233' title='bbox 606 3431 691 3520; x_wconf 84' lang='lat' dir='ltr'><strong>quod</strong></span> <span class='ocrx_word' id='word_1_234' title='bbox 714 3453 787 3497; x_wconf 89' lang='lat' dir='ltr'><strong>oum</strong></span> <span class='ocrx_word' id='word_1_235' title='bbox 808 3435 842 3498; x_wconf 91' lang='lat' dir='ltr'><strong>in</strong></span> <span class='ocrx_word' id='word_1_236' title='bbox 864 3436 999 3520; x_wconf 88' lang='lat' dir='ltr'><strong>singulis</strong></span> <span class='ocrx_word' id='word_1_237' title='bbox 1022 3437 1173 3522; x_wconf 79' lang='lat' dir='ltr'><strong>deinceps</strong></span> <span class='ocrx_word' id='word_1_238' title='bbox 1196 3435 1370 3501; x_wconf 82' lang='lat' dir='ltr'><strong>enuntietis</strong></span> 
     </span>
     <span class='ocr_line' id='line_1_32' title="bbox 277 3534 1369 3626; baseline 0.005 -28"><span class='ocrx_word' id='word_1_239' title='bbox 277 3534 448 3601; x_wconf 82' lang='lat' dir='ltr'><strong>ostendere</strong></span> <span class='ocrx_word' id='word_1_240' title='bbox 476 3535 609 3621; x_wconf 84' lang='lat' dir='ltr'><strong>longum</strong></span> <span class='ocrx_word' id='word_1_241' title='bbox 637 3537 693 3618; x_wconf 87' lang='lat' dir='ltr'><strong>sit,</strong></span> <span class='ocrx_word' id='word_1_242' title='bbox 721 3534 807 3601; x_wconf 81' lang='lat' dir='ltr'><strong>hano</strong></span> <span class='ocrx_word' id='word_1_243' title='bbox 833 3538 884 3603; x_wconf 93' lang='lat' dir='ltr'><strong>uel</strong></span> <span class='ocrx_word' id='word_1_244' title='bbox 912 3538 1002 3605; x_wconf 82' lang='lat' dir='ltr'><strong>illum</strong></span> <span class='ocrx_word' id='word_1_245' title='bbox 1033 3540 1242 3623; x_wconf 80' lang='lat' dir='ltr'><strong>sententiam,</strong></span> <span class='ocrx_word' id='word_1_246' title='bbox 1273 3547 1369 3626; x_wconf 87' lang='lat' dir='ltr'><strong>prout</strong></span> 
     </span>
     <span class='ocr_line' id='line_1_33' title="bbox 276 3636 1365 3729; baseline 0.005 -28"><span class='ocrx_word' id='word_1_247' title='bbox 276 3637 356 3703; x_wconf 89' lang='lat' dir='ltr'><strong>mihi</strong></span> <span class='ocrx_word' id='word_1_248' title='bbox 370 3637 543 3722; x_wconf 68' lang='lat' dir='ltr'><strong>libabitis</strong></span> <span class='ocrx_word' id='word_1_249' title='bbox 557 3638 702 3704; x_wconf 82' lang='lat' dir='ltr'><strong>membru</strong></span> <span class='ocrx_word' id='word_1_250' title='bbox 718 3636 918 3726; x_wconf 81' lang='lat' dir='ltr'><strong>dispertitum</strong></span> <span class='ocrx_word' id='word_1_251' title='bbox 932 3664 1111 3729; x_wconf 85' lang='lat' dir='ltr'><strong>proponere</strong></span> <span class='ocrx_word' id='word_1_252' title='bbox 1126 3644 1205 3709; x_wconf 79' lang='lat' dir='ltr'><strong>sutis</strong></span> <span class='ocrx_word' id='word_1_253' title='bbox 1221 3641 1365 3710; x_wconf 86' lang='lat' dir='ltr'><strong>habebo:</strong></span> 
     </span>
    </p>

    <p class='ocr_par' dir='ltr' id='par_1_9' title="bbox 383 3741 1379 3829">
     <span class='ocr_line' id='line_1_34' title="bbox 383 3741 1379 3829; baseline 0 -20"><span class='ocrx_word' id='word_1_254' title='bbox 383 3746 412 3825; x_wconf 62' lang='grc' dir='ltr'><strong>ὅ.</strong></span> <span class='ocrx_word' id='word_1_255' title='bbox 435 3743 470 3809; x_wconf 80' lang='lat'><strong>2:</strong></span> <span class='ocrx_word' id='word_1_256' title='bbox 492 3741 532 3809; x_wconf 84' lang='lat' dir='ltr'><strong>A.</strong></span> <span class='ocrx_word' id='word_1_257' title='bbox 548 3744 605 3807; x_wconf 82' lang='grc' dir='ltr'><strong>καὶ</strong></span> <span class='ocrx_word' id='word_1_258' title='bbox 635 3742 753 3811; x_wconf 77' lang='grc' dir='ltr'><strong><em>πολλοὶ</em></strong></span> <span class='ocrx_word' id='word_1_259' title='bbox 776 3742 837 3822; x_wconf 67' lang='grc' dir='ltr'><strong>ἤδη</strong></span> <span class='ocrx_word' id='word_1_260' title='bbox 858 3744 926 3809; x_wconf 83' lang='grc' dir='ltr'><strong>τῶν</strong></span> <span class='ocrx_word' id='word_1_261' title='bbox 948 3741 1137 3829; x_wconf 78' lang='grc' dir='ltr'><strong><em>φευγόντων</em></strong></span> <span class='ocrx_word' id='word_1_262' title='bbox 1159 3752 1194 3812; x_wconf 81' lang='grc' dir='ltr'><strong><em>ἐν</em></strong></span> <span class='ocrx_word' id='word_1_263' title='bbox 1219 3755 1290 3822; x_wconf 87' lang='grc' dir='ltr'><strong><em>ταῖς</em></strong></span> <span class='ocrx_word' id='word_1_264' title='bbox 1312 3750 1379 3829; x_wconf 74' lang='grc' dir='ltr'><strong>ἐμ·-</strong></span> 
     </span>
    </p>

    <p class='ocr_par' dir='ltr' id='par_1_10' title="bbox 550 3855 702 3933">
     <span class='ocr_line' id='line_1_35' title="bbox 550 3855 702 3933; baseline -0.013 -21"><span class='ocrx_word' id='word_1_265' title='bbox 550 3855 702 3933; x_wconf 77' lang='grc' dir='ltr'><strong><em>ιιορικαῖς</em></strong></span> 
     </span>
    </p>
   </div>
   <div class='ocr_carea' id='block_1_6' title="bbox 275 3935 1363 4257">
    <p class='ocr_par' dir='ltr' id='par_1_11' title="bbox 276 3935 813 3975">
     <span class='ocr_line' id='line_1_36' title="bbox 276 3935 813 3975; baseline 0.004 -2"><span class='ocrx_word' id='word_1_266' title='bbox 276 3935 484 3945; x_wconf 47' lang='lat'><strong>*⁸-</strong></span> <span class='ocrx_word' id='word_1_267' title='bbox 808 3946 813 3975; x_wconf 84' lang='grc' dir='ltr'><strong><em>ι</em></strong></span> 
     </span>
    </p>

    <p class='ocr_par' dir='ltr' id='par_1_12' title="bbox 346 4015 936 4089">
     <span class='ocr_line' id='line_1_37' title="bbox 346 4015 936 4089; baseline 0.003 -20"><span class='ocrx_word' id='word_1_268' title='bbox 346 4016 374 4086; x_wconf 91' lang='lat'><strong>1)</strong></span> <span class='ocrx_word' id='word_1_269' title='bbox 391 4015 468 4071; x_wconf 71' lang='lat' dir='ltr'><strong>Vnst</strong></span> <span class='ocrx_word' id='word_1_270' title='bbox 486 4016 510 4073; x_wconf 90' lang='grc' dir='ltr'><strong>Ι.</strong></span> <span class='ocrx_word' id='word_1_271' title='bbox 528 4033 594 4089; x_wconf 76' lang='lat' dir='ltr'><strong>pag.</strong></span> <span class='ocrx_word' id='word_1_272' title='bbox 612 4017 647 4073; x_wconf 79' lang='lat'><strong>20</strong></span> <span class='ocrx_word' id='word_1_273' title='bbox 664 4016 708 4071; x_wconf 82' lang='lat' dir='ltr'><strong>ed.</strong></span> <span class='ocrx_word' id='word_1_274' title='bbox 725 4016 796 4073; x_wconf 81' lang='lat' dir='ltr'><strong>Oott</strong></span> <span class='ocrx_word' id='word_1_275' title='bbox 815 4033 840 4071; x_wconf 84' lang='grc' dir='ltr'><strong>ε.</strong></span> <span class='ocrx_word' id='word_1_276' title='bbox 860 4018 936 4074; x_wconf 85' lang='grc'><strong>1868.</strong></span> 
     </span>
    </p>

    <p class='ocr_par' dir='ltr' id='par_1_13' title="bbox 275 4104 1363 4257">
     <span class='ocr_line' id='line_1_38' title="bbox 343 4104 1363 4178; baseline 0 -19"><span class='ocrx_word' id='word_1_277' title='bbox 343 4104 372 4171; x_wconf 79' lang='lat'><strong>2)</strong></span> <span class='ocrx_word' id='word_1_278' title='bbox 391 4104 566 4178; x_wconf 82' lang='lat' dir='ltr'><strong>‚compositio</strong></span> <span class='ocrx_word' id='word_1_279' title='bbox 589 4110 632 4158; x_wconf 89' lang='lat' dir='ltr'><strong>est</strong></span> <span class='ocrx_word' id='word_1_280' title='bbox 657 4104 807 4159; x_wconf 86' lang='lat' dir='ltr'><strong>uerborum</strong></span> <span class='ocrx_word' id='word_1_281' title='bbox 832 4108 974 4159; x_wconf 83' lang='lat' dir='ltr'><strong>strnoturs</strong></span> <span class='ocrx_word' id='word_1_282' title='bbox 996 4104 1145 4177; x_wconf 82' lang='lat' dir='ltr'><strong>perpolits‘</strong></span> <span class='ocrx_word' id='word_1_283' title='bbox 1169 4106 1274 4162; x_wconf 77' lang='lat' dir='ltr'><strong>Corsis.</strong></span> <span class='ocrx_word' id='word_1_284' title='bbox 1294 4105 1363 4160; x_wconf 88' lang='lat' dir='ltr'><strong>rhet.</strong></span> 
     </span>
     <span class='ocr_line' id='line_1_39' title="bbox 275 4190 659 4257; baseline 0.005 -13"><span class='ocrx_word' id='word_1_285' title='bbox 275 4190 313 4245; x_wconf 86' lang='lat' dir='ltr'><strong>sd</strong></span> <span class='ocrx_word' id='word_1_286' title='bbox 331 4190 452 4247; x_wconf 85' lang='lat' dir='ltr'><strong>Herenn.</strong></span> <span class='ocrx_word' id='word_1_287' title='bbox 470 4190 537 4247; x_wconf 87' lang='lat'><em>1111.</em></span> <span class='ocrx_word' id='word_1_288' title='bbox 557 4192 598 4257; x_wconf 80' lang='lat'><strong>12,</strong></span> <span class='ocrx_word' id='word_1_289' title='bbox 617 4191 659 4247; x_wconf 87' lang='grc'><strong>18.</strong></span> 
     </span>
    </p>
   </div>
   <div class='ocr_carea' id='block_1_7' title="bbox 342 4277 1169 4350">
    <p class='ocr_par' dir='ltr' id='par_1_14' title="bbox 342 4277 1169 4350">
     <span class='ocr_line' id='line_1_40' title="bbox 342 4277 1169 4350; baseline 0.002 -18"><span class='ocrx_word' id='word_1_290' title='bbox 342 4278 372 4349; x_wconf 82' lang='lat'><strong>3)</strong></span> <span class='ocrx_word' id='word_1_291' title='bbox 389 4278 609 4350; x_wconf 76' lang='lat' dir='ltr'><strong>parellelismum</strong></span> <span class='ocrx_word' id='word_1_292' title='bbox 628 4278 816 4335; x_wconf 83' lang='lat' dir='ltr'><strong>membrorum</strong></span> <span class='ocrx_word' id='word_1_293' title='bbox 833 4292 908 4331; x_wconf 83' lang='lat' dir='ltr'><strong>nnnc</strong></span> <span class='ocrx_word' id='word_1_294' title='bbox 925 4277 1045 4334; x_wconf 76' lang='lat' dir='ltr'><strong>burbone</strong></span> <span class='ocrx_word' id='word_1_295' title='bbox 1063 4278 1169 4336; x_wconf 82' lang='lat' dir='ltr'><strong>dieunt.</strong></span> 
     </span>
    </p>
   </div>
   <div class='ocr_carea' id='block_1_8' title="bbox 0 0 1534 4658">
    <p class='ocr_par' dir='ltr' id='par_1_15' title="bbox 0 0 1534 4658">
     <span class='ocr_line' id='line_1_41' title="bbox 0 0 1534 4658; baseline 0 4"><span class='ocrx_word' id='word_1_296' title='bbox 0 0 1534 4658; x_wconf 95' lang='lat' dir='ltr'><strong> </strong></span> 
     </span>
    </p>
   </div>
  </div>
 </body>
</html>
