3060 4658
694 144 883 215 ...g„.

247 324 412 390 creditoris
440 323 511 390 loco
539 324 647 409 ipsum
675 322 802 388 iliarum
823 322 926 387 trium
958 322 1118 386 minarum
1150 321 1339 388 creditorem

246 427 335 509 fieri,
366 427 423 493 sed
445 446 514 512 ‚pro
535 425 600 490 alia
621 427 758 512 pecunia
779 425 830 490 III
852 425 957 491 minas
979 425 1194 512 promittere‘:
1223 422 1339 510 ὁμολο-

248 532 386 617 γεῖσθαι
414 529 500 594 enim
528 529 736 615 ‚promittere‘
766 527 935 614 significat.
992 530 1057 593 iam
1087 549 1170 615 quae
1198 549 1272 592 mea
1300 526 1362 591 sit·

250 633 410 699 sententia
440 632 555 720 paucis
590 631 782 720 conplectar.
836 648 956 717 magna
990 650 1032 697 ex
1067 639 1161 719 parte
1194 629 1340 718 equidem

250 736 410 803 assentior
434 734 473 800 H.
497 730 615 801 Wolfio
621 784 631 819 ,
660 736 717 822 qui
736 756 767 801 n.
791 734 820 800 d.
848 754 886 799 eu
909 735 949 800 de
972 735 1090 823 quibus
1112 737 1220 821 agitur
1241 732 1343 799 uerba

251 841 286 904 in
313 837 521 904 adnotatione
550 838 593 904 ad
615 836 646 902 h.
668 837 689 906 l.
712 839 759 902 sic
780 839 890 904 uertit:
923 860 1005 922 ,cum
1028 840 1114 926 apud
1136 836 1225 903 illum
1250 836 1342 923 (Par-

251 947 449 1022 menontem)
464 942 630 1007 confessus
646 963 749 1007 essem
763 950 864 1007 meet
884 949 950 1006 tres
969 941 1041 1007 ilias
1062 943 1168 1007 minas
1182 938 1343 1027 Apaturio

252 1043 346 1109 datas
362 1045 543 1131 accepisset
586 1044 649 1110 hac
664 1046 748 1110 enim
769 1066 836 1110 una
856 1047 890 1110 in
905 1065 941 1110 re
963 1046 1084 1111 errauit
1097 1043 1243 1124 Woltiua
1259 1040 1345 1129 quod

253 1141 337 1231 πρὸς
359 1146 482 1212 τοῦτον
503 1147 603 1213 uerba
626 1148 669 1213 ad
691 1140 1056 1235 ἀνθομολογησάμενος
1077 1147 1199 1214 rettulit
1221 1156 1252 1212 et
1272 1166 1344 1232 pru

252 1249 382 1317 nomine
403 1250 466 1316 isto
490 1250 611 1318 τοῦτον
625 1248 884 1335 Parmenontem,
905 1252 961 1340 qui
980 1252 1109 1339 quidem
1130 1257 1249 1327 ἐκεῖνος
1271 1270 1342 1337 pro·

252 1353 382 1421 nomine
396 1353 566 1435 indicatur,
582 1355 758 1441 significari
770 1353 884 1424 uoluit.
918 1355 1004 1443 quod
1019 1357 1133 1420 uitium
1147 1363 1184 1421 ut
1197 1355 1345 1431 citemus,

253 1479 312 1524 nos
343 1456 602 1544 interpunctione
631 1467 704 1546 post
735 1453 1101 1542 ἀνθομολογησάμενος
1127 1458 1235 1546 posita
1263 1449 1347 1538 πρὸς

255 1559 377 1626 τοῦτον
405 1560 567 1626 uocabula
596 1560 638 1625 ad
667 1556 756 1641 ὠνὴν
783 1558 945 1645 ποιοῦμαι
977 1559 1146 1625 referimus
1174 1557 1347 1645 uerbaque,

256 1682 460 1749 quaesupra
474 1665 711 1750 proposuimus,
734 1664 780 1728 sic
801 1661 975 1727 uertimns>
990 1684 1076 1746 ‚cum
1098 1672 1221 1752 septem
1242 1663 1347 1728 minas

257 1766 455 1853 accepissem
477 1776 509 1831 et
531 1777 596 1833 tres
618 1767 704 1849 ilias,
736 1787 817 1854 quas
845 1767 911 1831 iam
941 1774 1038 1831 antea
1062 1767 1125 1832 iste
1145 1766 1349 1856 (Apaturius)

257 1869 299 1936 ab
322 1870 375 1935 illo
399 1869 642 1958 (Parmenonte)
666 1879 842 1958 acceperat,
858 1869 1090 1958 (Parmenonti)
1111 1872 1303 1959 recepissem
1315 1869 1350 1957 1),

257 1973 414 2038 aduersus
443 1973 541 2037 istum
570 1972 790 2060 (Apaturium)
821 1974 1014 2062 emptionem
1042 1974 1136 2040 nauis
1157 1972 1243 2040 facio
1264 1973 1298 2058 (i
1319 1995 1347 2038 e.

254 2079 297 2144 ab
319 2078 381 2143 isto
404 2096 521 2142 nauem
544 2077 646 2162 emo)‘.

341 2179 559 2268 syngrapham
582 2178 644 2246 hoc
674 2178 714 2244 de
744 2180 873 2264 negotio
903 2179 1104 2265 conpositam
1131 2199 1203 2244 esse
1224 2176 1346 2242 intolle-

259 2285 346 2368 gitur
360 2304 401 2348 ex
415 2281 622 2370 paragrapho
638 2282 838 2363 duodecima,
853 2281 911 2348 ubi
924 2282 1005 2348 haec
1020 2290 1106 2347 sunt:
1131 2274 1193 2358 οάς
1207 2301 1347 2366 συγγρα-

259 2380 327 2476 φάς
350 2381 566 2471 ἀνειλόμεθα,
589 2380 674 2450 καθ’
701 2379 742 2461 ἀς
762 2386 942 2464 ἐδανείσθη
964 2378 1009 2452 roi
1028 2381 1194 2472 χρήματα.
1236 2402 1349 2449 uerum

258 2490 344 2578 quod
360 2488 596 2577 syngraphae
617 2486 763 2554 hocloco
778 2490 1000 2571 nominantur,
1024 2489 1065 2552 de
1090 2487 1253 2553 duabus
1276 2508 1350 2574 syn-

217 2650 219 2655 .
257 2595 390 2682 graphia
401 2591 609 2678 cogitandum
624 2590 752 2657 uidetur
766 2614 847 2671 csse,
858 2614 994 2679 quarum
1010 2590 1144 2656 alteram
1156 2592 1350 2679 Apaturium

261 2708 293 2763 et
303 2696 500 2765 Heracliden
515 2695 743 2781 argentarium,
758 2696 814 2783 qui
828 2695 931 2762 XXX
944 2697 1049 2760 minas
1064 2704 1193 2760 mutuas
1210 2693 1352 2774 dederat,

259 2801 395 2866 alteram
423 2798 615 2887 Apaturium
638 2807 670 2863 et
695 2807 837 2866 actorem
866 2799 1073 2888 conposuisse
1103 2796 1352 2864 existimandum

260 2913 318 2970 est.
363 2903 403 2968 ds
426 2904 522 2968 tertia
543 2904 684 2989 quadam
707 2902 903 2990 syngrapha,
933 2924 998 2989 qua
1019 2901 1198 2989 Apaturius
1221 2901 1350 2966 Parme-

263 3007 356 3073 nonti
376 3007 411 3071 X
434 3029 469 3072 se
495 3006 599 3071 minas
623 3006 740 3072 debere
770 3006 936 3072 contessus
966 3007 1024 3090 sit,
1056 3004 1266 3091 cogitandum
1286 3026 1352 3070 non

261 3118 324 3176 est:
359 3132 434 3175 nam
448 3110 656 3192 Parmenon,
685 3117 722 3174 ut
750 3117 846 3174 antec
872 3109 1028 3190 uidimus,
1059 3110 1129 3195 ipse
1151 3117 1351 3174 contractum

262 3234 334 3279 cum
356 3212 516 3300 Apaturio
538 3210 694 3277 conficere
715 3210 827 3277 noluit
1330 3196 1334 3209 x

347 3322 538 3401 argumenta
553 3314 812 3401 syngraphsrum
833 3336 917 3401 quae
935 3314 1055 3381 fuerint
1075 3337 1171 3399 nunc,
1194 3314 1222 3380 si
1236 3313 1352 3402 placet,

301 3478 310 3482 -
320 3475 468 3483 .-ω-...ι

332 3558 359 3629 1)
379 3554 706 3631 ἀμθομολσμηοάμονσς
723 3556 771 3613 τὰς
783 3561 856 3630 τρεῖς
868 3560 952 3624 patin:
967 3560 1053 3621 actor,
1067 3566 1130 3609 cum
1142 3559 1250 3625 septem
1263 3555 1353 3610 minas

261 3643 385 3716 reliquas
404 3659 421 3698 a
438 3644 625 3699 Parmenonte
641 3642 799 3713 acciperet,
823 3634 949 3698 contra
968 3642 998 3695 in
1015 3653 1054 3706 pe
1072 3642 1178 3713 recepit
1194 3641 1246 3696 tris
1261 3643 1353 3698 minas

261 3729 402 3801 Apaturio
420 3729 477 3784 iam
497 3729 585 3787 datas.
621 3731 670 3784 ssd
689 3745 757 3785 uero
780 3729 858 3783 hand
876 3728 935 3784 scio
957 3744 994 3783 an
1016 3743 1068 3799 pro
1091 3726 1351 3801 ἀνθομολογησά-

262 3836 347 3887 μενος
364 3815 498 3872 substitui
513 3812 697 3886 praestatae
705 3815 969 3888 ομολογηοάμενοο,
987 3814 1076 3870 ueluti
1093 3815 1123 3869 in
1142 3830 1261 3887 papyro,
1279 3830 1352 3887 quae

263 3921 281 3959 a
299 3904 466 3960 Caillemero
484 3903 514 3958 in
531 3902 605 3971 libri,
624 3903 672 3977 qui
690 3901 852 3958 inscribitur
869 3901 967 3957 ‹itudes
985 3918 1033 3956 sur
1054 3901 1096 3957 les
1114 3902 1268 3974 antiquitis
1281 3903 1352 3974 jnri-

265 3992 363 4062 diqnes
382 3988 547 4058 d’Athenes,
566 3989 706 4061 particula
729 3988 788 4043 1111
810 3988 939 4060 (Parisiis
964 3990 1044 4060 1867)
1065 4006 1132 4063 pag.
1155 3990 1190 4046 32
1208 3988 1284 4044 edita
1301 3993 1352 4055 est,

262 4097 290 4137 tl.
309 4080 342 4136 15
359 4078 429 4135 haec
446 4079 551 4151 scriptu
568 4076 664 4133 uides:
682 4081 767 4130 τοῦτο
786 4073 814 4128 θ’
835 4081 911 4129 ἔστιν
928 4076 961 4130 τὸ
980 4073 1095 4131 δάνειον
1122 4073 1138 4130 ἀ
1161 4073 1350 4144 ἀνωμολο-

262 4165 392 4240 γήοατο
411 4170 505 4234 ἔχειν
522 4162 594 4238 παρ’
616 4164 719 4241 οὔτῶν.
