3060 4658
609 271 820 335 ..17-

174 438 332 522 bodiente²
353 460 389 504 so
410 460 519 504 waren
549 441 596 506 sie
618 440 701 507 doch
729 442 764 505 in
786 439 843 507 dar
869 447 918 505 tat
945 439 1046 505 durch
1069 438 1122 504 die
1142 439 1253 505 wider-

172 541 269 627 klage
292 541 349 607 der
373 543 576 627 gegenstand
605 545 693 610 eines
722 546 837 631 eignen
865 542 917 607 fir
948 541 1016 607 sich
1037 540 1255 608 bestehenden

172 665 338 732 praeesses
352 645 532 731 geworden
553 645 701 731 welcher,
722 669 815 712 wenn
832 642 916 710 auch
930 644 1086 711 auweilen
1102 666 1162 711 vor
1183 644 1254 711 der·

173 747 280 814 selben
301 746 453 830 beho'rde,
474 748 556 813 doch
578 748 795 835 abgesondert
815 749 1018 822 senionem,
1047 750 1081 813 in
1102 747 1256 813 walchem
1325 792 1327 797 -

172 873 206 916 er
226 850 395 937 beklagter
416 873 502 934 war,
524 850 654 937 gellihrt
674 852 742 917 und
756 852 962 918 entschieden
981 851 1111 917 werden
1124 860 1256 921 musste.

172 962 203 1020 et
222 953 342 1021 ibidem
364 976 438 1043 pag.
460 955 537 1021 6552
560 956 619 1021 auf
638 955 691 1022 die
710 954 978 1040 verhandlungen
1001 953 1058 1023 des
1079 976 1143 1019 von
1162 954 1255 1020 Man·

171 1056 289 1122 titheus
310 1078 386 1122 anm
408 1057 543 1125 aweiten
564 1058 648 1124 male
669 1057 879 1144 angestellten
900 1078 1067 1146 processes
1088 1056 1146 1122 hat
1168 1057 1255 1123 disse

170 1158 365 1245 widerklage
387 1158 444 1226 des
465 1161 605 1227 Boeotos
628 1183 664 1228 so
686 1162 792 1245 wenig
814 1158 961 1241 einfluss‚
990 1160 1065 1226 dass
1087 1161 1146 1225 wir
1167 1160 1257 1226 nieht

170 1261 290 1328 cinmal
312 1261 405 1329 ihren
426 1265 629 1349 gegenstand
651 1262 815 1330 bestimmt
835 1262 981 1329 erwtthnt
1001 1263 1118 1329 finden.

254 1386 433 1453 quaecum
461 1367 508 1432 ita
535 1368 628 1449 sint,·
644 1390 762 1456 operae
790 1366 928 1453 pretium
958 1376 1075 1432 memet
1095 1366 1256 1431 facturum

170 1469 335 1552 existimo,
368 1471 396 1534 si
425 1469 529 1537 denuo
551 1471 635 1537 hanc
663 1474 698 1536 in
726 1492 795 1535 rem
817 1470 1054 1557 inquisiuerim:
1088 1491 1128 1535 ea
1147 1478 1256 1535 autem

170 1571 360 1661 progrediar
388 1575 459 1658 uia,
487 1584 524 1641 ut
553 1573 680 1660 singula
707 1595 791 1660 quaa
820 1571 862 1639 ab
900 1574 1081 1640 oratoribus
1110 1574 1258 1662 exposita

172 1683 246 1741 sunt
268 1676 476 1763 antigrapheo
498 1676 646 1764 exempla
669 1677 850 1742 accuratius
871 1676 1069 1765 perpendam
1082 1682 1117 1758 ¹).

255 1778 279 1844 Ι.
303 1778 419 1860 [Bam]
443 1780 515 1846 adu.
537 1779 695 1849 Boeotum
717 1779 757 1845 de
780 1779 862 1847 dote.

254 1880 453 1947 Mantitheus
475 1882 619 1950 Mantiae
641 1884 724 1949 filius
753 1904 795 1948 ex
815 1880 983 1969 Polycrati
1005 1882 1070 1949 filia
1099 1892 1195 1949 natus
1223 1892 1256 1949 et

173 1982 314 2049 Boeotus
335 1983 586 2074 Pamphilusque
607 1985 750 2053 eiusdem
775 1984 914 2051 hominis
942 1984 998 2049 filii
1027 2008 1069 2051 ex
1088 1985 1256 2073 Plangone

172 2086 272 2170 geniti
302 2096 394 2173 patre
419 2097 544 2156 mortno
565 2091 649 2156 inter
671 2111 706 2154 se
726 2088 862 2172 litigant
906 2087 1142 2174 Mantithcus²)
1171 2090 1256 2156 enim

170 2189 290 2275 poscit,
311 2200 348 2255 ut
368 2213 446 2257 suae
467 2193 579 2257 matris
601 2191 660 2259 dos
682 2192 744 2258 sibi
765 2190 929 2274 reddatur,
951 2200 1064 2258 contra
1080 2193 1256 2278 Plangonis

172 2290 227 2357 filii
250 2292 312 2357 sibi
334 2316 460 2382 quoque
481 2295 593 2361 matris
623 2295 730 2363 dotem
755 2293 865 2360 deberi
887 2294 1066 2363 adfirmant
1109 2295 1152 2360 ad
1181 2318 1256 2362 con·

172 2394 314 2461 cordiam
336 2417 409 2461 cum
431 2420 482 2463 res
504 2398 623 2464 adduci
647 2420 712 2464 non
733 2399 904 2487 potuisset,
936 2399 1039 2485 primo
1062 2399 1202 2465 Boeotus
1225 2406 1257 2465 et

170 2496 359 2585 Pamphilus
380 2501 559 2568 Mantitheo
588 2503 748 2567 actionem
777 2499 963 2585 intendunt,
996 2500 1113 2567 deinde
1134 2502 1257 2571 Boeoto

171 2610 203 2666 et
214 2601 384 2690 Pamphilo
394 2604 601 2670 Mantithous.
635 2603 948 2691 ssdpactionefacta
961 2602 1069 2671 Soloni
1079 2603 1257 2689 Erchiensi,

170 2726 265 2791 quem
279 2708 399 2794 priuati
421 2707 579 2772 diaetetae
593 2729 726 2774 munere
746 2708 892 2773 functum
906 2728 976 2772 esse
998 2730 1040 2773 ex
1060 2730 1167 2774 rerum
1181 2732 1255 2776 con-

171 2807 296 2875 dicione
311 2809 423 2890 elucet,
441 2810 513 2876 lites
529 2809 740 2876 diudicandas
755 2809 896 2876 tradunt.
940 2831 1053 2875 uerum
1069 2809 1145 2876 dum
1160 2812 1256 2879 Plan·

170 2914 264 2996 genis
285 2913 342 2978 filii
363 2914 627 2998 tergiuersantur,
659 2913 780 2994 euenit,
801 2922 837 2979 ut
858 2913 1007 2994 diaeteta
1040 2922 1137 2978 antea
1159 2935 1256 3000 quam

172 3016 362 3081 sententiam
386 3016 529 3099 dixisset,
550 3017 619 3080 uita
638 3015 813 3083 excederet
856 3016 923 3082 iam
943 3015 989 3081 illi
1009 3015 1080 3101 lege
1102 3027 1203 3100 agunt
1225 3029 1257 3083 et

172 3117 261 3184 dicas
292 3119 451 3202 scribunt,
483 3118 681 3184 Mantitheus
708 3129 817 3185 autem
845 3140 924 3185 suae
952 3120 1064 3184 matris
1096 3118 1181 3185 dotis
1208 3143 1256 3186 re

171 3221 374 3309 cuperandae
400 3244 516 3287 caussa
543 3222 704 3288 actionem
732 3231 845 3288 cenna
872 3222 1017 3288 intendit
1061 3244 1122 3288 nec
1140 3231 1257 3290 {tamen

172 3324 292 3390 eisdem
313 3327 348 3390 in
369 3324 580 3392 conuentibus
593 3325 642 3390 de
657 3325 783 3392 duabus
804 3325 867 3391 illis
889 3327 1012 3392 caussis
1035 3326 1129 3392 simul
1150 3336 1257 3393 actum

243 3571 269 3637 l)
287 3568 363 3637 quod
381 3567 537 3639 exemplum
555 3566 737 3640 antigraphae
755 3567 785 3621 in
796 3565 945 3622 Aeschinis
963 3568 1089 3622 oratione
1107 3567 1137 3622 in
1149 3567 1258 3623 Timar-

172 3650 255 3706 chum
272 3652 409 3709 habemus
426 3655 475 3725 (cf.
492 3655 530 3708 M.
559 3654 582 3708 la
600 3653 662 3709 Sch.
681 3653 733 3708 litt.
751 3652 811 3709 Ata
830 3670 900 3726 pag.
917 3654 970 3710 655
987 3655 1085 3724 prom),
1097 3683 1101 3691 ι
1112 3653 1142 3709 id
1158 3652 1213 3710 hac
1229 3662 1259 3710 in

173 3738 337 3809 quaestione
355 3740 635 3811 praetermittendum
647 3741 821 3814 putanimus:
839 3739 942 3794 etenim
959 3740 984 3793 si
1001 3741 1064 3809 quis
1085 3755 1148 3794 eum
1166 3757 1185 3795 a
1202 3760 1258 3811 quo

172 3828 321 3880 accusatus
338 3829 383 3880 est
400 3842 433 3881 eo
451 3827 565 3882 nomine
585 3836 685 3882 contra
703 3832 825 3892 accusat,
853 3826 928 3897 quod
946 3826 1117 3880 accusatoris
1134 3841 1260 3893 munere,

172 3911 249 3981 quod
265 3928 323 3966 non
347 3918 391 3966 est
407 3915 573 3983 permissum
591 3914 646 3968 nisi
671 3915 725 3980 eis,
757 3912 805 3984 qui
822 3912 933 3982 integro
955 3916 1022 3965 sunt
1042 3914 1103 3967 inre
1125 3911 1257 3977 ciuitatis,

172 4003 272 4053 contra
289 3997 452 4070 iustasque
470 4000 621 4072 fungatur,
645 4015 698 4069 per
721 4015 751 4054 se
767 4005 849 4071 patet
870 3997 1008 4051 actionem
1027 4004 1105 4068 prius
1123 3999 1259 4052 intentam

174 4083 357 4141 differendam
375 4101 451 4155 esse,
481 4086 548 4141 dum
565 4087 705 4141 contraria
728 4087 838 4142 actione
856 4083 1001 4138 diudicata
1021 4085 1059 4139 sit
1075 4085 1259 4156 exploratum,

173 4171 247 4228 sitne
264 4171 423 4228 accusatori
440 4173 484 4224 ius
502 4172 654 4226 accusandi
672 4184 761 4226 necne
779 4175 823 4227 sit.

242 4259 271 4329 2)
288 4258 323 4316 ef.
343 4255 443 4333 [Dsm]
463 4256 585 4312 XXXX.
606 4259 715 4312 14-16.
1030 4329 1048 4385 2
