3060 4658
634 213 840 277 „31-

197 385 375 471 Apaturius
404 385 627 450 mercatoriam
653 384 761 471 potius
782 383 869 448 litem
891 404 989 469 quam
1011 381 1107 447 aliam
1129 381 1280 447 intendit:
1338 462 1343 475 .

195 487 325 573 saepius
346 489 466 553 Iactum
479 488 617 570 uidetur,
638 496 676 551 ut
696 486 877 552 actionibus
893 485 1121 549 menstruis-
1136 486 1281 549 sicenim

195 589 392 676 appellamus
419 612 500 676 quas
523 589 640 655 Graeci
668 582 831 674 ἐμμήνους
860 589 972 652 dicunt
996 625 1039 638 -
1061 596 1173 653 contra
1194 586 1282 671 leges

195 701 368 772 uterentur,
391 714 454 781 quo
476 691 618 757 faciliore
640 700 673 757 et
694 690 909 759 commodiore
930 690 1049 756 iudicio
1065 690 1174 755 adius
1189 710 1281 754 suum

194 796 417 879 peruenirent,
446 796 546 860 ueluti
567 796 802 861 Pantaenetum
833 818 854 859 a
875 793 1031 860 Nicobulo
1053 795 1179 859 actione
1199 816 1280 858 mer—

194 899 318 965 catoria
337 897 378 963 de
391 902 528 987 pecunia
543 908 730 966 accusatum
745 920 816 962 esse
829 897 1004 964 memoriae
1017 896 1180 984 proditum
1194 903 1282 976 estu.

280 1001 375 1067 uenio
397 1024 483 1067 nunc
505 1002 547 1066 ad
569 1001 827 1090 exceptionem2).
871 1010 961 1066 actor
982 1000 1075 1080 enim,
1094 1002 1163 1066 sine
1185 999 1282 1066 dubio

194 1105 272 1190 quia
298 1103 478 1183 metuebat,
508 1126 549 1169 ne
579 1107 607 1168 si
628 1105 810 1169 summatim
832 1106 959 1168 actione
980 1111 1145 1168 menstrua
1166 1124 1283 1168 caussa

194 1215 360 1292 ageretur,
388 1207 511 1273 iudices
532 1208 672 1293 Apaturi
693 1208 817 1272 artibus
840 1215 872 1271 et
893 1206 1029 1270 fallaciis
1051 1207 1284 1292 deciperentur,

196 1310 238 1374 ad
259 1331 409 1377 caussam
431 1309 571 1375 delatam
592 1309 784 1375 descendere
806 1308 909 1375 noluit
930 1308 987 1373 sed
1008 1311 1214 1396 παραγραφῇ
1228 1330 1283 1373 ex-

199 1415 344 1500 ceptione
373 1421 422 1477 est
451 1433 546 1503 usus,
576 1421 611 1478 ut
637 1415 861 1479 mercatoriam
888 1413 1045 1477 actionem
1075 1412 1138 1475 sibi
1167 1411 1284 1477 debere

197 1516 318 1583 intendi
348 1525 489 1601 negaret.
540 1524 637 1602 atque
659 1524 783 1596 orator,
805 1525 842 1580 ut
862 1517 931 1580 iure
953 1523 1095 1581 actorem
1117 1515 1284 1599 excepisse

197 1619 321 1706 probet,
344 1618 426 1684 duas
448 1618 540 1684 affert
560 1619 687 1705 leges³)‚
703 1641 838 1706 quarum
853 1618 956 1684 altera
969 1616 1174 1704 paragrapho
1189 1618 1285 1681 tertia

198 1721 247 1787 his
270 1720 379 1787 uerbis
400 1722 598 1787 continetur:
619 1726 684 1790 ὅσα
704 1725 766 1808 μὲν
781 1724 924 1807 sparsae
939 1714 1049 1803 τούτῳ
1065 1724 1189 1804 ἐγένετο
1205 1741 1284 1805 συμ-

196 1819 321 1907 βόλαια
342 1818 481 1890 πάντων
503 1820 700 1911 ἀπαλλαγῆς
722 1828 779 1891 καὶ
800 1822 943 1913 ἀφέσεως
965 1829 1152 1909 γενομένης,
1175 1824 1286 1906 altera,

198 1948 294 2012 quam
322 1929 463 1993 maxime
491 1930 606 2014 premit
633 1939 740 1995 orator
772 1950 907 2016 eamque
935 1927 977 1992 ob
1007 1946 1157 1991 caussam
1178 1927 1283 2012 planis

198 2031 306 2095 uerbis
328 2032 533 2117 paragrapho
555 2030 662 2097 Ian
684 2055 871 2121 expressam
892 2032 927 2096 in
947 2030 1106 2118 principio
1129 2031 1283 2095 orationis

197 2133 312 2217 posuit,
333 2132 442 2198 uerbis
463 2135 619 2220 proximis
641 2137 854 2221 significatur:
878 2127 981 2200 ἄλλον
1003 2132 1210 2217 συμβολαίου
1224 2129 1284 2198 οὐκ

198 2227 295 2310 ὄντος
322 2228 396 2301 οὔτε
423 2235 583 2303 ναυτικοῦ
611 2233 687 2304 οὔτε
715 2235 841 2324 ἐγγείου.
891 2258 1026 2324 quarum
1052 2236 1161 2319 legum
1190 2238 1286 2324 prior,

198 2359 393 2424 quamquam
418 2362 484 2405 non
506 2340 609 2407 solum
631 2341 673 2406 ad
695 2341 814 2406 iudicia
836 2341 1026 2406 mercatoria
1046 2340 1197 2427 pertinet,
1227 2340 1285 2404 sed

198 2443 291 2526 quasi
321 2463 467 2508 normam
494 2445 657 2530 quandam
684 2446 825 2510 omniurn
854 2445 1044 2509 iudiciorum
1073 2444 1214 2507 continet
1243 2479 1281 2493 -

197 2544 236 2608 cf.
257 2543 416 2610 XXXVI.
439 2547 490 2611 23.
514 2544 574 2612 οὐκ
596 2541 725 2614 ἐώντων
739 2547 806 2614 τῶν
821 2538 933 2628 νόμων
950 2546 1044 2621 δίκας
1066 2538 1118 2611 ὧν
1139 2538 1190 2611 ἂν
1210 2542 1287 2634 ἁφῇ

199 2671 248 2722 τις
271 2642 363 2727 ἅπαξ
385 2641 562 2734 λαγχάνειν
583 2651 620 2716 cl.
635 2656 666 2735 ξ.
682 2652 732 2719 25.
751 2651 864 2733 διόπερ
878 2646 978 2715 τοῦτο
993 2646 1127 2732 πρῶτον
1141 2651 1285 2737 ἔγραφεν

198 2747 217 2815 ὁ
250 2742 310 2816 τὸν
337 2744 444 2834 νόμον
463 2753 540 2828 θεὶς
569 2746 616 2819 ὦν
639 2750 687 2838 μὴ
715 2752 798 2819 εἶναι
819 2754 926 2834 δίκας,
956 2744 1020 2816 ὅσα
1044 2774 1093 2826 τις
1116 2746 1243 2837 ἀφῆκεν
1264 2751 1286 2828 ἢ

189 2847 397 2932 ἀπήλλαξεν.
440 2853 616 2923 XXXVII.
641 2851 878 2943 Lurconianis
900 2851 967 2919 τῶν
988 2843 1100 2938 νόμων
1114 2849 1285 2941 παρυγραί-

197 2956 341 3039 ψασθαι
362 2959 456 3042 περὶ
478 2946 504 3022 ὦ
511 2982 531 3024 ν
551 2959 576 3025 oi
583 2983 603 3026 ν
625 2983 676 3034 τις
698 2955 795 3044 ἀφεὶς
817 2958 873 3022 καὶ
888 2946 1085 3034 ἀπαλλάξας
1101 2950 1284 3038 δικάζηται.

199 3057 391 3124 XXXVIII.
408 3063 435 3125 1.
458 3057 646 3127 δεδωκότων
666 3059 732 3126 τῶν
746 3054 857 3143 νόμων
871 3054 1173 3146 παραγράψασθαι
1187 3060 1284 3144 περὶ

199 3150 248 3226 ὧν
277 3162 327 3228 ἄν
355 3185 406 3237 τις
434 3158 529 3251 ἀφεὶς
557 3166 615 3230 καὶ
635 3154 832 3243 ἀπαλλοίξας
853 3163 957 3228 ποίλιν
978 3156 1154 3241 δικάζηται
1175 3161 1213 3228 cl.
1233 3161 1284 3228 25.

199 3262 368 3352 [XXXV]
390 3263 420 3346 5,
441 3266 471 3349 6,
492 3268 544 3350 40,
565 3270 615 3336 51.
646 3305 686 3317 -
719 3277 828 3334 umen
856 3289 922 3332 non
943 3266 1109 3330 minimum
1130 3264 1217 3329 ualet
1241 3263 1285 3330 ad

198 3368 473 3454 interpretandam
502 3371 636 3436 alteram
655 3371 774 3457 legem,
803 3350 878 3457 qua‘
897 3377 966 3436 tota
990 3367 1136 3455 exceptio
1157 3367 1284 3432 nititur:

199 3476 268 3545 τοῖς
289 3473 363 3558 περὶ
391 3472 459 3538 τῶν
485 3465 533 3558 μὴ
554 3479 735 3560 γενομίνων
756 3473 970 3558 συμβολαίων
990 3476 1034 3549 είς
1055 3472 1164 3559 κρίσιν
1184 3472 1284 3537 καθι-

198 3577 372 3657 σταμένοις
410 3581 462 3644 ἐπὶ
498 3571 560 3656 τὴν
594 3570 821 3665 παραγραφὴν
858 3571 1080 3664 καταφεύγειν
1116 3573 1230 3639 ἔδωκεν
1265 3570 1284 3639 ὁ

202 3710 409 3723 Δ.-------.

267 3777 294 3846 1)
310 3774 459 3831 XXXVII.
476 3778 587 3833 35-38.
623 3779 662 3835 cf.
679 3777 822 3835 Sohaefer.
841 3777 896 3833 nol.
914 3778 979 3831 ΙΙΙΒ
998 3794 1063 3848 pag.
1080 3779 1133 3832 200
1150 3795 1247 3850 proxx.

267 3863 297 3932 2)
315 3863 350 3917 de
367 3863 530 3935 exeeptIone
548 3867 582 3918 cf.
594 3864 705 3920 Heffter
714 3881 781 3937 pag.
799 3864 851 3919 289
862 3881 967 3935 proxx„
986 3863 1113 3919 Schoem.
1130 3864 1184 3919 litt.
1197 3866 1292 3939 Attio„

199 3962 264 4020 pag.
282 3949 334 4005 644
351 3966 437 4019 prox„
458 3946 622 4004 Platner.1.
639 3968 706 4022 pag.
730 3951 780 4006 138
797 3965 893 4021 proxx.

267 4037 296 4093 3λ
314 4038 386 4090 κατὰ
398 4058 414 4089 τ
422 4038 477 4093 οὓς
488 4037 601 4105 νόμους
613 4057 750 4091 τουτοοο
758 4043 779 4091 l:
793 4035 847 4090 hoc
858 4041 958 4113 contu
970 4035 1109 4090 Blassium
1121 4037 1283 4102 monuerim,

199 4122 247 4192 qui
264 4124 282 4178 l.
301 4123 337 4179 cl.
356 4129 385 4178 et
400 4139 467 4195 pag·
483 4124 536 4179 512
552 4125 583 4177 et
600 4141 665 4194 pag.
682 4124 736 4179 513
761 4124 795 4177 de
811 4137 869 4176 una
885 4122 948 4192 legs
971 4123 1108 4194 loquiturr
1137 4122 1187 4176 der
1208 4138 1282 4176 vom

199 4217 340 4282 gesetze
357 4210 547 4285 vorgesehene
565 4209 617 4265 fall
633 4241 669 4252 -
687 4210 746 4263 das
763 4212 858 4281 geeeta
876 4208 945 4263 wird
962 4209 1135 4285 sorgelesen.
