3060 4658
575 287 897 359 ...ὅρη

245 462 362 550 γοῦντι
383 465 444 546 τήν
466 457 585 549 έγγάην
606 465 670 532 λαὶ
692 459 767 541 τάς
787 459 1014 544 συνθήκας
1037 469 1147 532 έίυαι
1169 463 1210 552 (si
1230 485 1362 530 reem·-v

245 590 349 634 rerem
386 567 429 634 ad
465 570 686 655 contractum).
743 568 920 634 infinitiuus
949 568 1121 636 audaciore
1153 567 1249 634 modo
1277 589 1337 654 pro

245 670 389 738 membro
418 670 632 737 condicionali
661 672 786 759 positus
808 680 872 754 est,
901 672 958 759 qui
978 671 1108 759 quidem
1129 693 1208 737 usus
1229 693 1251 736 υ
1271 670 1338 735 De·

189 856 191 863 ¹
245 774 421 845 mosthenis
450 795 568 860 genere
597 776 721 842 alienus
750 785 806 842 est
855 774 1008 841 Reiskius
1034 776 1117 857 aeri,
1146 785 1183 841 ut
1204 773 1337 856 solebat,

245 877 363 943 iudicio
386 876 501 942 duetus
523 880 579 944 καὶ
601 874 764 946 κελεύοντι
786 889 861 968 post
882 872 1002 965 έγγήην
1017 879 1129 945 deesse
1143 879 1234 947 dixit
1277 897 1337 944 nee

245 988 354 1047 temen
383 981 555 1069 quicquum
583 981 774 1047 mutandum
804 991 869 1048 est:
901 983 941 1048 ef.
969 981 1118 1069 Thucyd.
1149 981 1205 1047 VI
1235 980 1287 1049 60.
1315 981 1336 1046 3

244 1083 463 1172 βεβαιοτέραν
491 1080 556 1170 γὰρ
585 1080 678 1170 αὐτῷ
708 1087 870 1173 σωτηρίαν
891 1080 974 1151 εἶναι
1001 1078 1248 1171 ὁμολογήσαντι
1268 1089 1337 1168 μετ’

246 1182 358 1263 ιἰδείας
376 1178 398 1266 ἢ
416 1183 601 1275 άρνηθέντι
620 1183 678 1255 διά
696 1190 787 1268 δίκης
805 1190 919 1255 ἐλθεῖν
938 1189 976 1255 el.
988 1187 1148 1275 Kruegeri
1167 1197 1225 1255 ert.
1243 1186 1270 1256 Ι.
1286 1187 1338 1252 69.

227 1292 296 1358 30.
317 1291 357 1373 2.,
372 1291 565 1379 quiquidem
589 1292 678 1359 loeus
701 1312 895 1380 quemquem
916 1313 980 1357 non
999 1314 1131 1379 prorsus
1152 1291 1263 1357 similis
1278 1297 1338 1364 est,

244 1404 354 1462 tamen
372 1395 530 1480 originem
546 1414 625 1461 usus
639 1394 724 1460 iliius
743 1394 891 1463 ostendit
922 1394 1016 1479 adde,
1032 1395 1118 1483 quod
1131 1399 1216 1461 ίέυαι
1230 1395 1285 1459 isti
1295 1417 1339 1474 τι,

245 1497 284 1562 ef.
299 1499 341 1563 29
358 1499 414 1563 ἐπὶ
428 1495 468 1564 τὸ
482 1495 663 1583 ἀρνεῖσθαι
680 1491 794 1580 ήλθον
810 1521 847 1564 eo
866 1520 963 1565 sensu
980 1507 1179 1587 usurpem,
1201 1506 1236 1561 ut
1252 1495 1338 1562 idem

244 1599 363 1681 ualeat,
384 1600 471 1687 quod
493 1595 715 1690 καταφεύγων
735 1604 780 1677 είς
802 1625 846 1686 τι,
867 1600 1082 1667 Demostheni
1103 1621 1208 1689 paene
1228 1599 1339 1687 ineog·
1369 1617 1371 1623 ’

244 1702 348 1769 nitum
376 1713 434 1771 est.
495 1702 597 1769 simile
630 1704 709 1792 quid
739 1705 837 1770 affere
870 1727 935 1771 non
965 1726 1099 1791 possum
1131 1702 1194 1769 nisi
1223 1723 1279 1768 οτιΙ
1294 1723 1338 1768 or.

245 1806 454 1873 XXXVIIH.
477 1808 528 1875 27.
549 1802 667 1887 ήξειδ
689 1809 743 1875 eut
764 1807 883 1893 ταῦτα,
907 1809 992 1893 άαερ
1014 1804 1066 1874 ἀεὶ
1082 1809 1183 1892 λέγει’
1206 1805 1338 1892 reliquis

247 1920 355 1976 autem
376 1908 456 1976 loeis
479 1914 564 1978 ίέναι
584 1913 641 1977 έιιί
663 1936 697 1977 τι
726 1911 780 1998 (ef.
802 1911 946 1997 XXIIII.
968 1911 1025 1996 61)
1048 1919 1081 1976 et
1096 1911 1263 1997 ίέργεσθαι
1284 1909 1339 1975 ert

245 2037 280 2078 τι
302 2013 357 2101 (ef.
382 2013 520 2099 [XVII]
548 2014 600 2101 10)
630 2024 663 2080 et
689 2014 836 2098 βαδίζειν
864 2017 920 2081 ἐπί
948 2038 981 2080 τι
1005 2012 1059 2101 (of.
1080 2011 1207 2078 XVIII.
1228 2012 1259 2094 4,
1280 2011 1338 2097 58)

244 2108 329 2201 ιιρός
351 2140 385 2182 τι
407 2116 461 2203 (ef.
483 2115 610 2182 XVIII.
631 2118 710 2204 263)
732 2126 765 2183 et
782 2113 987 2203 πορεύεσθαι
1009 2118 1064 2183 ent
1079 2141 1114 2182 τι
1127 2116 1180 2202 (of.
1198 2114 1336 2202 [XXV]

248 2219 301 2304 14)
324 2219 485 2304 significet
506 2221 653 2301 ‚transire
675 2221 718 2286 ud
737 2219 867 2306 aliquid,
890 2242 924 2286 se
939 2227 1127 2286 conuertere
1141 2219 1184 2285 ad
1198 2218 1337 2305 eliquid‘‚

245 2330 281 2386 ut
308 2324 554 2410 inanimatione
576 2332 607 2388 et
629 2328 799 2391 ἐπανιέναι
822 2325 877 2389 ὲιιί
899 2347 933 2388 τι
955 2332 988 2388 et
1009 2323 1052 2399 είς
1075 2347 1110 2388 τι
1131 2323 1187 2411 (ef.
1208 2320 1336 2387 XVIII.

244 2424 297 2508 42,
321 2426 392 2507 102,
416 2426 486 2505 163,
514 2424 592 2491 XX.
615 2427 666 2509 99,
698 2424 824 2512 [XIII]
848 2425 881 2512 9)
904 2428 1096 2491 sententiam
1116 2425 1273 2492 redeundi
1294 2424 1337 2490 ed

245 2527 365 2613 aliquid
403 2528 509 2596 hebet.
567 2529 630 2595 alio
663 2528 802 2616 denique
835 2550 931 2594 sensu
968 2531 1166 2596 ἐπανελθεῖν
1202 2530 1257 2596 ἐπὶ
1291 2520 1335 2593 τά

244 2630 428 2718 γράμματα
472 2633 645 2721 (inspicere
690 2632 909 2718 syngraphus)
945 2641 995 2698 est
1038 2631 1199 2700 XXVIII.
1237 2616 1262 2699 '5
1305 2639 1336 2698 et

245 2733 438 2820 [XXXIII]
461 2735 511 2802 36.
635 2776 637 2779 ·

329 2842 357 2920 ἓ.
380 2839 431 2905 30.
476 2833 609 2917 ἐζήτουν
624 2840 736 2924 έτίρας
750 2832 948 2927 γράφεσθαι
961 2837 1168 2925 [συνθήκας]
1180 2846 1213 2904 et
1223 2839 1335 2925 ἐνεχεί-

243 2963 324 3027 ρουν
350 2932 527 3019 συνθήκας
555 2941 757 3029 γράφεσθαι.
789 2941 828 3010 ef.
861 2943 901 3006 14
929 2937 1122 3032 γράψαντες
1151 2934 1336 3024 συνθήκας,

246 3046 294 3112 19,
324 3042 559 3132 ἐπιχειροῦντες
588 3039 730 3132 γράφειν
761 3047 871 3129 ἑτέρας
892 3039 1082 3127 συνθήκας,
1111 3045 1161 3110 30.
1185 3047 1338 3131 έγραιμαν

245 3151 338 3231 ίτερα
365 3138 564 3231 γράμματαε
593 3168 695 3232 genus
722 3147 863 3213 medium
884 3141 1139 3235 ιιειὶιίγράφειν
1161 3145 1246 3234 apud
1269 3146 1334 3211 De-

243 3248 444 3314 mosthenem
466 3249 627 3335 signifieat
649 3250 838 3338 saepissime
858 3256 1042 3334 ‚uoouseret
1066 3249 1163 3315 semel
1184 3247 1257 3331 ,sibi
1277 3270 1335 3334 per

242 3352 367 3418 litteras
392 3352 564 3438 postulere‘
594 3351 738 3419 XXIIII.
759 3354 802 3420 48
834 3348 1012 3441 πρόσοδον,
1019 3347 1228 3440 γράψασθαι
1253 3346 1335 3435 ιιρδς

245 3448 307 3533 τήν
320 3450 457 3540 βουλήν,
472 3455 511 3521 ef.
528 3454 703 3541 [LV1.]44
717 3456 899 3525 διπλασίαν
913 3455 996 3522 καθ’
1011 3453 1124 3522 αὑτῶν
1137 3449 1200 3532 τήν
1214 3454 1335 3540 ζημίαν

242 3552 461 3647 γράψασθαι.
511 3567 679 3645 praeterea
706 3581 727 3625 ε
754 3558 974 3626 Demosthene
1000 3552 1197 3646 γράφεσθαι
1219 3557 1335 3622 dieitur

242 3662 288 3744 is,
326 3663 381 3747 qui
396 3706 399 3711 ·
416 3661 537 3750 aliquid
567 3662 601 3727 in
637 3654 902 3729 commentarium
929 3660 1028 3726 refert
1058 3657 1167 3746 (XXI.
1200 3661 1262 3726 130
1291 3656 1334 3735 ὡς

169 3757 171 3761 ’
242 3763 379 3851 έμαντρῖ
399 3766 599 3852 γέγραμμαι)
622 3766 825 3852 meximeque
840 3764 1041 3849 argentarius
1057 3761 1333 3853 [XXXXVIIII]

241 3869 261 3934 8
286 3868 345 3950 bis,
366 3869 417 3944 32,
440 3868 490 3935 62.
535 3863 712 3947 συνθήκας
734 3862 971 3954 γράφεσθαι
985 3873 1094 3931 eutem
1108 3888 1129 3931 ε
1143 3866 1333 3932 Demosthe·

241 3974 291 4036 nis
321 3992 439 4056 genere
462 3970 601 4036 alienum
622 3970 751 4035 uidetur
772 3991 851 4049 esse,
874 3970 914 4035 of.
936 3968 1065 4035 XXIII.
1087 3971 1109 4034 4
1130 3961 1252 4058 γράφει
1274 3963 1334 4046 τάς

240 4067 415 4154 συνθήκας
445 4070 530 4160 πρὸς
551 4069 806 4160 Κηφισόδοτον,
839 4073 897 4138 170
918 4069 1038 4163 γράφει
1059 4067 1077 4137 ὁ
1098 4065 1333 4160 Ἀθηνόδωρος

240 4172 432 4259 συνθήκας,
464 4174 523 4241 171
547 4172 668 4264 γράφει
689 4176 721 4242 δ’
746 4179 855 4261 ἑτέρας
878 4176 940 4265 [ο]
973 4171 1056 4261 πρὸς
1085 4169 1146 4241 τὸν
1166 4175 1334 4259 Χαβρίαν,

242 4281 302 4344 173
325 4273 444 4366 γράφει
460 4271 635 4358 συνθήκας
650 4273 733 4364 ιιρός
754 4275 814 4343 τὸν
832 4274 982 4363 Χάρητα,
999 4279 1060 4343 176
1073 4271 1194 4366 γράφει
1208 4270 1335 4353 ταύτας
