3060 4658
668 193 879 257 ..14-

229 364 382 428 damnum
404 361 491 450 quod
506 361 635 428 fecerat.
679 363 853 427 sinautem
875 362 950 439 δίκη
971 361 1082 435 αἰκίας
1102 360 1226 423 intenta
1240 363 1319 439 erat,

227 466 362 531 multum
383 468 539 531 intererat
554 466 647 545 scire,
668 487 746 530 num
761 467 808 530 ita
822 465 1011 531 uerberatus
1029 473 1115 529 esset
1129 461 1321 539 Parmenon,

227 581 263 636 ut
285 570 450 656 negotium
471 569 673 655 propositum
695 570 858 655 suscipere
880 591 945 634 non
967 575 1084 654 posset.
1128 567 1213 630 actio
1235 563 1321 627 enim

228 674 353 752 αἰκίας,
385 694 485 760 quae,
519 674 671 757 quoniam
691 673 853 758 peregrini
881 670 1051 757 litigabant
1074 692 1094 733 a
1114 666 1320 756 polemarcho

226 799 293 843 non
314 799 335 842 a
365 775 618 862 xxxxuiris1)
647 777 806 843 instructa
836 777 964 843 uidetur
990 778 1106 856 essel),
1137 780 1208 838 crat
1230 761 1321 855 dyeia

228 880 366 962 τιμητός
381 879 420 944 lis
436 879 655 945 aestimatoria
668 883 701 961 1).
745 880 929 946 Parmenon
943 880 1043 964 igitur
1064 899 1102 943 eo
1118 876 1218 965 pluris
1232 874 1321 939 litem

229 984 400 1049 aestimare
436 991 577 1070 poterat,
619 1004 681 1069 quo
714 983 788 1070 plus
825 984 935 1048 damni
966 981 1155 1047 uerberibus
1188 978 1321 1043 affectus

228 1084 350 1151 fecerat
359 1088 396 1173 ⁴).
437 1108 520 1173 quae
535 1108 608 1151 cum
621 1089 670 1160 ita
684 1089 756 1164 sint,
772 1090 931 1153 actionem
947 1087 1056 1162 αἰκίας
1072 1107 1092 1150 a
1106 1076 1322 1148 Parmenontc‘

228 1191 385 1255 intentam
407 1211 478 1256 esse
501 1191 570 1256 ueri
593 1191 727 1256 similius
748 1191 828 1256 milri
849 1191 985 1256 uidetur.

315 1294 441 1360 actione
456 1305 564 1360 autem
579 1297 738 1362 instructa
752 1295 935 1362 Parmenon
950 1294 1111 1382 Apaturio
1130 1286 1323 1378 quibusdam

229 1395 270 1463 de
298 1397 395 1463 rebus
422 1401 652 1484 prouocatione
690 1394 893 1486 (προκλήσει)
928 1400 979 1463 ius
1008 1396 1181 1461 iurandum
1211 1389 1323 1456 defert.

229 1501 347 1588 accipit
375 1501 568 1587 Apaturius,
601 1504 669 1567 sine
698 1502 796 1567 dubio
828 1511 864 1567 ut
891 1522 1040 1566 caussam
1069 1498 1219 1562 differret.
1263 1514 1323 1558 nec

228 1612 338 1668 tamen
362 1603 474 1669 eodem
496 1604 549 1669 die
570 1606 672 1687 iurat,
704 1604 762 1671 sed
788 1607 927 1694 pecunia
949 1603 1095 1689 deposita
1130 1600 1194 1666 alio
1216 1619 1250 1663 se
1271 1596 1324 1661 die

230 1708 411 1772 iuraturum
433 1708 609 1775 confirmat.

315 1832 380 1875 non
402 1811 523 1877 inutilis
544 1811 599 1876 hio
620 1812 698 1876 mihi
725 1812 855 1877 uidetur
884 1812 1043 1899 quaestio,
1075 1831 1152 1873 num
1176 1803 1323 1872 omuibus

229 1915 264 1978 in
286 1914 411 1979 caussis
425 1915 476 1979 ius
498 1913 670 1979 iurandum
686 1914 831 1982 oblatum
853 1915 916 1982 alio
933 1915 985 1979 die
1006 1915 1147 1979 iuratum
1170 1912 1218 1977 sit.
1248 1927 1324 1973 nam

231 2020 412 2083 cautionem
439 2018 525 2104 quod
550 2018 727 2104 Apaturius
748 2019 890 2108 praebet,
915 2018 992 2083 inde
1013 2016 1169 2103 consequi
1189 2011 1325 2088 uidetur,

231 2131 268 2185 ut
289 2120 458 2185 confestim
479 2123 530 2186 ius
552 2122 725 2188 iurandum
748 2121 891 2188 oblatum
911 2123 1012 2187 iurari
1034 2119 1162 2186 solitum
1185 2117 1250 2189 sit,
1268 2111 1325 2179 sed

103 2241 105 2245 ·
229 2223 307 2287 huic
328 2225 455 2304 rationi,
477 2246 561 2311 quae
583 2228 738 2313 exemplis
763 2265 804 2274 -
827 2226 868 2292 cf.
891 2224 985 2291 Dem.
1008 2207 1225 2288 xxxviiii
1243 2220 1273 2299 3,
1293 2218 1326 2297 4,

230 2326 346 2408 [Deml
370 2325 517 2393 XXXX.
542 2329 657 2410 10,11,
678 2328 818 2396 LVIIII.
842 2329 884 2395 60
904 2366 947 2377 -
969 2349 1030 2393 nec
1051 2324 1244 2413 conprobari
1264 2342 1325 2387 neo

230 2427 398 2516 inprobari
422 2438 539 2518 potest,
571 2430 729 2498 duceres
751 2432 879 2498 obstare
900 2432 981 2497 mihi
1003 2431 1164 2512 uidentur,
1185 2428 1324 2515 primum

233 2532 389 2596 sanctitas
411 2534 490 2597 iuris
511 2535 655 2617 iurandi,
685 2557 768 2622 quae
789 2536 990 2622 postulabat,
1017 2544 1054 2600 ut
1081 2537 1110 2600 is
1140 2533 1195 2619 qui
1216 2532 1324 2594 iurare

230 2633 394 2699 iuberetur
416 2635 536 2701 diutius
561 2660 669 2703 secum
684 2648 857 2726 reputaret,
879 2638 1009 2704 nullane
1030 2637 1196 2723 relligione
1217 2635 1325 2698 iurare

230 2737 465 2825 prohiberetur,
475 2749 543 2805 tum
560 2741 733 2807 similitudo
750 2742 881 2808 alterius
897 2741 1145 2830 prouocationis,
1160 2760 1225 2826 qua
1239 2743 1325 2801 serui

232 2842 275 2907 ad
289 2842 467 2909 cruciatum
481 2844 706 2930 poscebantur,
721 2834 802 2932 quos
818 2846 948 2933 quidem
963 2870 1028 2913 non
1044 2847 1152 2912 statim
1168 2842 1325 2908 adductos

231 2968 305 3013 esse
337 2955 371 3013 ct
402 2969 461 3034 per
493 2972 527 3015 se
559 2958 650 3036 patet
682 2958 715 3015 et
746 2950 916 3038 perspicue
949 2974 990 3017 ex
1026 2946 1249 3016 Demosthenis
1280 2965 1326 3009 or.

233 3050 412 3120 XXXVII.
434 3053 478 3117 40
499 3074 614 3139 proxrr.
645 3053 756 3119 elucet.
799 3055 909 3141 itaque
932 3052 1019 3140 quod
1041 3053 1219 3140 Apaturius
1250 3068 1324 3112 cau·

189 3156 193 3163 ’
230 3157 350 3220 tionem
372 3154 532 3240 praebuit,
554 3155 616 3221 hoc
638 3157 685 3222 sio
707 3157 937 3244 explicandum
958 3156 1101 3231 uidetur,
1124 3164 1161 3220 ut
1181 3153 1325 3216 dicamus

232 3280 297 3322 non
312 3255 432 3322 idcirco
454 3280 529 3323 eum
550 3260 734 3326 cautionem
749 3261 886 3341 dedisse,
908 3260 984 3348 quia
1006 3258 1069 3324 alio
1088 3259 1140 3322 die
1161 3257 1326 3320 iuraturus

234 3370 312 3441 erat,
343 3359 400 3427 sed
423 3382 460 3426 eo
483 3362 627 3447 consilio,
656 3373 694 3428 ut
723 3387 849 3431 summa
870 3385 944 3429 cum
972 3361 1204 3448 tranquillitate
1227 3356 1327 3422 animi

306 3666 335 3736 1)
353 3663 388 3720 cf.
407 3664 483 3719 Dem.
502 3664 654 3724 XXXVII.
672 3669 714 3726 83.

303 3750 333 3821 2)
351 3751 385 3807 cf.
396 3750 460 3805 Mei.
469 3751 493 3805 ts
503 3751 631 3810 Schoem.
642 3756 694 3811 litt
703 3758 760 3811 Att.
770 3773 836 3828 pag.
845 3757 889 3823 54,
898 3755 1016 3809 Platner
1024 3754 1043 3811 l.
1053 3754 1088 3809 cl.
1094 3753 1115 3808 1.
1121 3771 1187 3825 pag.
1199 3756 1258 3811 103.
1269 3752 1327 3808 104.

305 3839 333 3908 3)
350 3838 388 3894 cf.
406 3838 598 3898 Booclrbioeo.
612 3843 757 3898 ciuilAth.
772 3845 793 3899 l.
806 3861 872 3916 pag.
882 3844 943 3910 489,
955 3842 1051 3897 Meier.
1059 3842 1112 3898 litt.
1119 3845 1177 3896 Att-
1189 3858 1255 3913 pag.
1269 3838 1326 3893 185.

303 3925 334 3995 4)
351 3924 387 3979 cf.
406 3925 501 3981 Meter.
520 3926 574 3983 litt.
593 3928 682 3986 Attio.
702 3946 769 4002 pag.
790 3932 848 3986 180.
870 3931 945 3986 adds
964 3947 1037 4003 quae
1055 3930 1156 3987 Conon
1178 3931 1207 3983 in
1225 3927 1326 3980 Demo·

235 4014 343 4068 athenis
362 4014 491 4070 oratione
503 4013 593 4083 LIIII,
612 4032 686 4087 quae
704 4017 818 4088 quidem
837 4017 867 4072 in
880 4018 1172 4075 actioneiuiuriarum
1188 4015 1326 4076 amatur,
1449 4027 1451 4032 ·

234 4101 320 4171 plane
340 4101 421 4157 dicit:
446 4117 477 4156 se
494 4109 610 4172 propter
632 4104 749 4160 uolnera
770 4104 801 4159 in
818 4105 947 4162 morbum
969 4107 1103 4163 incidisse
1125 4104 1184 4177 (11)
1200 4106 1230 4153 et
1247 4114 1278 4153 se
1296 4096 1329 4154 od

233 4194 348 4263 μετρίας
364 4190 443 4248 τινὰς
461 4194 509 4242 καὶ
528 4187 758 4264 φαύλασκληγὰς
775 4189 876 4262 λαβεῖν
893 4195 961 4271 (13),
