3060 4658
690 257 900 325 ..16„

247 432 477 524 paragraphen
491 433 644 517 defendit,
667 432 767 498 uerbo
787 432 1055 516 προσκαλεῖσθαι
1077 451 1210 494 usurum
1231 429 1341 512 fuisse,

251 541 279 603 si
300 541 523 627 exceptionem
540 537 722 622 significare
744 536 907 601 uoluisset.
950 534 1087 619 denique
1102 534 1144 597 ad
1167 542 1344 598 extremum

250 641 292 707 ad
313 641 541 733 paragr-apheo
564 641 693 705 omnino
715 661 781 704 non
810 637 972 724 quadrant
999 634 1101 700 uerba
1129 634 1344 713 ἐνεστηκυιῶν

251 742 366 819 αὐτοῖς
380 743 447 809 τῶν
462 743 563 809 δικῶν
576 743 658 829 (14);
682 766 759 807 nam
779 751 1004 828 praeterquam
1019 744 1105 826 quod
1120 742 1204 804 actio
1219 739 1344 803 intenta

250 846 455 935 paragraphe
478 846 630 926 differtur,
652 855 688 911 ut
708 845 842 934 pluralis
856 864 1007 909 numerus
1028 844 1135 907 minus
1155 850 1249 929 aptus
1272 858 1344 905 esse

250 952 409 1031 uideatur,
430 971 493 1036 quo
516 949 585 1013 iure
607 948 811 1036 paragraphe
839 949 913 1026 δίκη
934 947 1047 1012 uocari
1070 947 1174 1031 possit
1195 944 1343 1032 equidem

249 1078 316 1121 non
345 1076 510 1141 assequor.
569 1074 701 1117 necesse
731 1061 781 1116 est
808 1053 906 1136 igitur
936 1049 1079 1115 Hefftero
1113 1072 1187 1135 pag.
1217 1049 1279 1114 431
1310 1056 1344 1111 et

251 1156 426 1224 Sehaefero
442 1158 665 1237 assentiamur,
687 1156 742 1241 qui
755 1177 808 1219 uu.
825 1153 878 1218 dd.
894 1151 1108 1240 antigrapheo
1126 1150 1169 1218 ah
1184 1151 1343 1238 Apaturio

249 1263 406 1325 intentam
428 1281 499 1324 esse
522 1259 584 1324 sibi
605 1267 842 1347 persuaserunt.

338 1373 372 1429 at
401 1366 486 1428 enim
515 1362 556 1425 de
584 1361 791 1448 antigrapheo
820 1369 852 1425 et
872 1361 1003 1425 nomine
1025 1367 1057 1424 et
1083 1361 1117 1423 ui
1137 1357 1344 1424 uehementer

250 1472 334 1534 inter
363 1490 398 1532 se
429 1466 623 1530 dissentiunt
650 1466 713 1530 uiri
748 1463 842 1528 docti.
899 1463 1005 1529 Julius
1034 1464 1152 1528 Pollux
1180 1460 1273 1529 VIII.
1301 1460 1344 1525 58

252 1568 446 1658 ἀντιγραφή
466 1569 570 1655 inquit
592 1562 673 1634 ὅταν
695 1591 746 1643 τις
768 1558 958 1652 κρινόμενος
987 1563 1254 1651 ἀντικατηγορῇ.“
1288 1564 1345 1628 καὶ

252 1672 274 1750 ἡ
295 1663 504 1759 παραγραφὴ
526 1671 561 1735 δὲ
582 1666 773 1759 ἀντιγραφῇ
796 1674 915 1734 ἔοικεν·
940 1663 1007 1736 ded
1030 1673 1100 1736 καὶ
1122 1672 1343 1755 προεισέρ-

249 1801 381 1864 gevae.
427 1773 591 1838 Amoldus
614 1772 769 1839 Sohaefer
789 1774 904 1856 igitur,
932 1774 987 1858 qui
1009 1783 1119 1838 tamen
1140 1773 1204 1837 nisi
1226 1772 1345 1835 astioni

252 1882 291 1961 ei,
321 1901 404 1966 quae
426 1874 541 1942 eadem
563 1876 604 1940 de
625 1898 678 1957 re,
709 1877 749 1940 de
772 1898 837 1962 qua
859 1887 1028 1942 accusator
1048 1898 1139 1942 reum
1160 1874 1345 1963 postulauit,

252 2005 272 2048 a
293 2005 349 2047 reo
364 1989 478 2047 contra
499 1981 625 2044 intenta
639 1989 696 2060 est,
717 1979 924 2067 antigraphae
938 2002 1056 2046 nomen
1078 2003 1144 2046 non
1164 1979 1301 2066 imponit
1309 1976 1344 2063 ¹),

253 2085 444 2171 antigrapho
463 2086 622 2149 actionem
644 2084 835 2148 instructam
857 2104 983 2172 semper
1008 2084 1179 2149 inhibitam
1203 2104 1273 2148 esse
1295 2101 1344 2143 er·

251 2186 438 2273 sinatur-2).
483 2186 727 2252 Schoemannus
749 2188 900 2274 autemJ),
933 2188 988 2274 qui
1015 2188 1164 2274 quamuis
1186 2185 1346 2251 actionem

253 2301 366 2357 contra
385 2292 544 2355 intentam
574 2285 789 2380 ἀντιγραφήν
816 2299 849 2354 et
869 2285 981 2357 uocari
1006 2303 1042 2355 et
1064 2312 1135 2355 esse
1156 2307 1345 2375 persuasum

252 2395 367 2477 habet,
399 2393 591 2481 antigrapho
614 2393 772 2458 actionem
792 2395 983 2460 instructam
1004 2392 1143 2459 inhiberi
1171 2399 1287 2476 negat,
1319 2390 1347 2453 si

253 2497 384 2585 quidem
405 2498 474 2563 eius
495 2495 598 2562 uerba
619 2507 707 2561 recte
728 2497 889 2582 intellego.
935 2506 1010 2561 sunt
1032 2507 1139 2561 autem
1160 2494 1260 2560 haec:
1287 2491 1346 2559 litt.

253 2602 349 2669 Attio.
371 2622 446 2688 pag.
469 2601 549 2667 6522
571 2599 638 2664 und
659 2622 754 2665 wenn
776 2600 860 2665 auch
882 2601 939 2664 der
966 2598 1120 2684 beklagte
1141 2599 1206 2663 den
1227 2616 1344 2681 gegen·

253 2702 347 2769 stand
370 2704 476 2769 seiner
489 2702 688 2788 widerklage
709 2704 743 2767 in
759 2703 817 2767 der
832 2703 962 2769 einrede
976 2686 1083 2789 gegeh
1105 2703 1215 2768 seinen
1230 2699 1345 2781 klttger

253 2806 430 2873 anbrachte
438 2806 506 2873 und
517 2808 586 2873 sich
598 2807 702 2872 seiner
709 2806 1032 2892 gegenforderungen
1044 2801 1346 2872 undbeschwerden

252 2911 305 2977 bei
329 2910 387 2976 der
408 2912 565 2977 anacrisie
587 2910 654 2976 und
681 2932 740 2976 vor
769 2910 894 2995 gerioht
922 2932 965 2976 zu
995 2914 1099 2977 seiner
1120 2908 1346 2993 verteidigung

323 3139 349 3202 1)
368 3136 441 3189 hanc
460 3135 644 3207 antigrapheo
660 3132 805 3188 notionem
818 3132 1002 3189 Scheeferum
1017 3134 1142 3189 tenuisse
1156 3149 1191 3188 ex
1208 3147 1242 3186 eo
1260 3129 1346 3202 plene

253 3220 443 3291 intellegitur,
471 3223 548 3292 quod
571 3238 624 3276 nec
648 3222 678 3277 in
702 3220 803 3276 Boeoti
827 3237 880 3277 nec
909 3221 939 3275 in
962 3221 1087 3292 Spudiee
1118 3236 1220 3275 caussa
1248 3214 1346 3270 anti-

253 3308 411 3379 graphee
429 3309 601 3364 mentionem
618 3307 695 3362 facit.

321 3395 353 3466 2)
370 3396 408 3450 cf.
430 3394 496 3449 libri
521 3394 556 3449 de
579 3393 773 3451 Demosthene
795 3396 912 3468 eiusque
936 3401 1031 3451 aetate
1052 3397 1108 3451 nol.
1126 3391 1194 3448 IIIB
1211 3406 1278 3462 pag.
1297 3389 1348 3443 196

254 3484 327 3539 med.
359 3481 404 3536 die
421 3481 602 3555 gegenklage
620 3483 698 3537 hatte
721 3481 816 3553 gleich
840 3483 890 3536 der
907 3482 1023 3538 einrede
1051 3482 1096 3535 die
1113 3478 1257 3549 wirknng,
1284 3475 1348 3530 eine
1455 3476 1457 3479 ’

255 3567 359 3623 hereits
378 3567 557 3639 eingeleitets
570 3568 655 3640 klage
672 3585 709 3622 zu
721 3569 916 3641 suspendeat,
934 3587 966 3626 so
982 3570 1012 3625 in
1025 3584 1138 3623 unserm
1151 3564 1218 3620 falle
1230 3562 1346 3639 ([Dem.]

256 3654 320 3710 adu.
344 3652 473 3726 Euerg.):
497 3653 629 3725 obgleich
653 3654 703 3709 der
728 3672 842 3726 proeess
865 3657 954 3712 echon
980 3656 1018 3709 im
1041 3656 1136 3710 vollen
1163 3669 1258 3725 gange
1281 3668 1348 3718 war,

255 3748 362 3796 mueste
381 3741 426 3795 die
444 3758 500 3796 von
519 3740 719 3812 Theophemoe
736 3744 927 3815 angehrnehte
944 3741 1122 3814 gegenklage
1143 3756 1349 3812 angenommen

254 3830 314 3885 und
331 3844 418 3883 ruvor
437 3829 616 3884 entechieden
634 3829 755 3885 werden.

326 3918 354 3986 3)
372 3913 567 3972 Seheemanno
585 3919 738 3971 assentitur
751 3917 910 3984 Dercetius,
928 3918 977 3989 qui
988 3916 1010 3972 Ι.
1028 3932 1094 3987 pag.
1111 3916 1163 3972 353
1184 3913 1351 3970 haecdicit:

254 4006 291 4059 A.
308 4004 446 4060 Scheeler
464 4005 587 4060 eoutient
604 4020 659 4076 qne
676 4004 705 4058 le
723 4005 846 4059 seconde
864 4004 958 4058 action
978 4004 1072 4057 devait
1098 4017 1199 4074 passer
1215 4005 1304 4054 avant
1322 3998 1351 4068 la

255 4091 394 4164 premiere
413 4097 442 4146 et
459 4107 514 4161 que
531 4090 560 4144 la
577 4089 716 4162 premiere
734 4107 765 4144 se
781 4090 906 4144 trouvait
917 4089 1021 4145 dteinte
1038 4105 1093 4162 par
1109 4090 1137 4144 le
1150 4090 1297 4158 jugement
1315 4085 1350 4139 ds
1464 4084 1468 4091 ’

255 4179 286 4232 la
303 4178 424 4233 seconde
442 4176 592 4248 (Bsilagen
609 4192 676 4248 pag.
689 4177 761 4246 196).
796 4175 867 4228 maie
886 4176 906 4229 il
924 4175 1050 4231 confond
1067 4177 1085 4229 l'
1104 4173 1263 4247 ἀντιγραφή
1282 4188 1351 4227 avec

255 4266 285 4320 la
302 4263 483 4340 παραγραφή.
