3060 4658
650 266 985 331 -38-·

211 436 293 502 libro
317 437 357 501 de
378 437 469 502 hiatu
490 437 577 524 apud
600 445 743 502 oratores
762 435 888 502 Atticos
910 458 983 522 pag.
1007 436 1068 502 151
1091 445 1124 501 et
1137 434 1299 503 Arncldus

212 539 366 607 Schaefer
388 541 406 606 l.
429 539 466 605 cl.
489 540 667 605 orationem
681 539 770 604 illam
785 539 1036 606 aDemosthene
1051 539 1299 605 abiudicandam

213 665 283 707 esse
314 643 553 720 existimarunt,
582 642 760 728 horumque
789 643 927 727 uestigia
951 644 1133 729 nuperrime
1155 664 1300 729 pressere

211 745 356 810 BlassIus
377 746 413 810 in
427 745 478 809 III
501 746 541 811 de
556 746 737 811 Atticorum
755 745 938 832 eloquentia
960 746 1122 811 uolumine
1146 768 1219 833 pag.
1235 747 1299 811 415

212 870 342 936 proxx.,
372 850 427 935 qui
457 850 587 935 quidem
608 849 715 935 paullo
737 850 1037 935 accuratiusquam
1060 849 1239 935 superiores
1261 848 1301 913 de

214 950 367 1016 orationis
390 974 508 1035 genere
530 953 689 1032 disseruit,
712 961 745 1017 et
760 951 925 1017 Gustauus
941 951 1091 1017 Gebauer
1104 954 1138 1017 in
1153 951 1235 1017 libro
1252 951 1301 1033 ‚de

211 1055 426 1141 hypotacticis
449 1064 480 1119 et
501 1058 709 1144 paratacticis
732 1056 915 1140 argumenti
936 1077 978 1119 ex
999 1057 1160 1120 contrario
1179 1055 1301 1122 formis‘

203 1156 274 1221 'hoc
301 1179 385 1221 anno
409 1156 613 1224 Zwiccauiae
643 1158 810 1245 euolgato,
844 1159 900 1245 qui
925 1157 1025 1238 ud,
1054 1180 1128 1222 cum
1149 1157 1303 1223 XXXIII

214 1262 390 1325 orati0nem
428 1260 594 1343 laudaret,
630 1263 858 1328 Demosthenis
895 1283 1011 1327 nomen
1039 1261 1131 1326 uncis
1163 1259 1300 1324 inclusit.

213 1371 326 1427 contra
352 1364 407 1449 qui
439 1367 616 1432 orationem
637 1365 725 1431 illam
748 1363 960 1439 Demostheni
981 1374 1091 1450 aperte
1113 1362 1302 1444 uindicaret,

215 1482 308 1531 nemo
339 1468 490 1531 inuentus
521 1477 570 1533 est
598 1478 726 1555 praeter
747 1468 902 1534 Ioannem
923 1467 1162 1549 Hermannum‚
1191 1466 1247 1553 qui
1267 1466 1302 1528 in

214 1568 477 1655 praefatiunculis
510 1570 555 1634 ad
586 1570 815 1636 Demosthenis
848 1572 1013 1635 orationes
1050 1568 1303 1657 paragraphicas

215 1673 276 1736 hoc
306 1671 420 1736 saltem
453 1671 550 1738 dixit:
580 1695 646 1737 non
674 1696 744 1738 esse
773 1694 871 1759 quam
901 1672 942 1737 ob
970 1694 1038 1737 rem
1060 1674 1163 1739 oratio
1184 1673 1303 1737 Demo·

217 1773 338 1841 sthenis
369 1794 526 1840 essenon
548 1783 668 1861 posset.
721 1796 804 1863 quae
827 1797 900 1839 cum
921 1775 968 1839 ita
990 1776 1063 1856 sint,
1086 1774 1170 1841 dicet
1190 1775 1304 1861 aliquis

216 1864 241 1942 ὦ
268 1878 420 1961 βέλτιστε
449 1870 497 1961 μὴ
519 1877 633 1963 γλαῦκ’
656 1882 698 1954 εἰς
714 1873 877 1957 Ἀθήνας.
919 1857 985 1943 non
1006 1899 1121 1944 uereor
1143 1878 1306 1964 equidem:

216 2005 292 2048 nam
315 1979 469 2047 Schaefer
484 1989 515 2045 et
529 1980 670 2045 maxime
686 1981 842 2063 Blassius,
862 2002 1057 2068 quamquam
1072 1982 1106 2046 in
1120 1983 1307 2045 uniuersum

216 2094 303 2152 recte
332 2084 492 2149 iudicasse
520 2083 727 2149 existimandi
756 2092 847 2165 sunt,
879 2092 1002 2165 tamen,
1032 2086 1086 2170 qui
1115 2080 1207 2150 erant
1227 2085 1307 2148 fines

219 2210 329 2254 eorum
358 2184 449 2250 libris
473 2187 681 2274 praescripti,
710 2209 775 2252 non
797 2196 863 2253 tam
886 2186 1188 2253 demonstrauerunt
1210 2209 1307 2274 quam

216 2292 443 2357 indicauerunt
474 2290 650 2355 orationem
680 2289 768 2354 illam
798 2288 1058 2355 aDemosthene
1086 2312 1156 2355 esse
1186 2289 1310 2355 abiudi-

218 2394 371 2460 eandam:
383 2393 463 2456 mihi
474 2402 582 2457 autem
594 2394 736 2479 contigit,
747 2401 785 2457 ut
797 2392 924 2478 singula
935 2402 1128 2478 argumenta
1139 2393 1309 2478 diligenter

220 2496 439 2584 conquirerem
469 2504 502 2560 et
530 2507 681 2562 accurate
710 2518 919 2583 exponerem,
956 2518 1052 2583 quam
1083 2519 1214 2583 operam
1243 2518 1308 2562 non

219 2621 352 2690 prorsus
386 2598 531 2663 inutilem
567 2599 666 2664 fuisse
695 2621 885 2686 persuasum
914 2597 1028 2665 habeo.
1088 2621 1201 2664 uerum
1230 2599 1310 2665 haec

221 2706 385 2769 hactenus,
429 2701 472 2766 ad
493 2703 599 2787 ipsam
620 2703 684 2766 iam
707 2724 776 2766 rem
798 2700 998 2766 accedamus.
1043 2702 1181 2789 primum
1204 2711 1311 2766 autem
1337 2757 1338 2761 ,

222 2808 262 2872 de
285 2807 494 2894 dispositione
516 2812 583 2869 tum
607 2804 646 2869 de
669 2804 846 2872 elocutione
868 2806 1022 2870 orationis
1043 2803 1128 2871 illius
1152 2806 1309 2872 disseren-

222 2911 299 2975 dum
320 2909 388 2975 erit.

506 3023 693 3098 o1sros1r10
712 3046 888 3097 cannonis
905 3048 1025 3100 xxxin.

256 3166 280 3222 1.
298 3170 512 3221 ΠΡΟΟΙΜΙΟΝ
526 3170 715 3234 (axonmvn
733 3165 793 3218 siue
810 3168 1016 3232 Pamclrlvn)
1036 3164 1135 3236 (1-3).

309 3253 425 3339 quibus
455 3275 497 3317 ex
524 3251 651 3337 legibus
678 3250 883 3340 paragraphe
911 3253 1036 3317 intenta
1064 3255 1103 3318 sit
1132 3252 1311 3336 exponitur.

309 3355 488 3442 explicatur
509 3366 626 3436 autem,

311 3460 344 3543 1)
367 3457 483 3544 quibus
515 3457 757 3525 condicionibus
778 3457 989 3522 mercatoriae
1010 3455 1082 3520 lites
1102 3456 1216 3520 instrui
1239 3477 1311 3544 pos-

371 3562 435 3625 sint
458 3562 513 3647 (1),

313 3662 346 3750 2)
369 3662 484 3749 quibus
516 3662 758 3730 condicionibus
789 3664 945 3730 aduersus
974 3664 1061 3728 litem
1090 3663 1313 3728 mercatoriam

370 3770 517 3855 excipere
539 3768 634 3833 liceat
654 3766 710 3853 (2),

314 3869 347 3956 3)
370 3867 487 3955 quibus
496 3869 668 3955 exlegibus
679 3872 844 3957 ipseactor
853 3867 1081 3958 paragraphen
1089 3869 1317 3956 intenderit(3).

312 4006 548 4073 utAristoteles
566 4014 598 4071 et
610 4006 864 4093 Anaximenesl)
880 4008 1088 4095 praecipiunt
1104 4017 1141 4072 ut
1152 4007 1314 4096 prooemio

303 4170 330 4235 1)
348 4165 385 4220 ef.
405 4138 540 4235 Spengeli
566 4161 649 4218 ruat.
668 4163 786 4219 craece.
809 4163 969 4233 1.150.18‚
992 4164 1014 4219 u
1032 4166 1092 4220 214.
1116 4165 1149 4220 11
1170 4179 1266 4235 pron.
1288 4169 1318 4219 et

232 4251 400 4311 Volkmanui
409 4252 511 4308 librum
519 4254 553 4307 de
561 4257 621 4309 arte
628 4250 768 4307 rhetorica
776 4250 1265 4323 Graecorumltcmanorumquepag.
1274 4253 1317 4307 90.
