3060 4658
640 275 852 338 -36-

201 443 291 523 finito
306 413 501 518 conoessero,
516 451 553 508 ut
567 443 720 529 Byzantii
740 442 833 509 liberi
849 451 956 509 essent
968 441 1001 529 ¹),
1024 451 1110 509 certe
1129 399 1290 527 usquead

203 568 323 612 annum
344 547 417 627 351,
442 567 505 633 quo
527 569 613 611 anno
635 546 790 633 Byzantii
810 568 884 611 cum
905 545 1054 633 Philippo
1077 544 1291 610 Macedonum

202 669 280 733 rege
308 648 422 714 foedus
450 649 611 733 fecerunt,
647 650 873 715 commercium
905 651 990 714 inter
1018 647 1231 713 Athenienses
1260 654 1293 710 et

202 752 382 838 Byzantios
404 752 504 817 fuisse
526 775 592 818 non
614 761 663 817 est
685 753 771 840 quod
792 774 956 837 negemus.
1000 750 1051 816 his
1075 751 1177 834 igitur
1198 751 1292 814 annis

203 864 344 920 actorem
359 855 502 941 Byzanti
524 864 689 921 uersatum
710 856 867 921 existimo.
911 863 1009 941 atque
1029 856 1076 919 ita
1096 853 1166 919 ficri
1180 852 1294 940 potuit,

202 969 239 1024 ut
267 959 370 1024 oratio
400 980 486 1024 anno
508 957 782 1043 attitularetur,
813 958 847 1023 id
869 958 955 1045 quod
979 957 1079 1022 multo
1100 954 1229 1044 planius
1252 976 1295 1019 cx

201 1060 313 1127 tabula
334 1061 397 1126 hac
417 1061 601 1147 intelleges:

288 1187 315 1228 a.
339 1165 507 1231 355-351
533 1174 623 1230 actor
644 1165 786 1252 Byzanti
806 1174 964 1233 uersatur.

287 1290 315 1333 a.
339 1268 403 1334 345
424 1269 510 1334 idem
531 1269 688 1352 nauigare
710 1269 844 1335 desistit

289 1394 318 1436 a.
340 1372 512 1438 344-339
534 1371 620 1436 idem
642 1373 795 1459 pecunias
817 1370 955 1437 Athenis
976 1370 1171 1437 foeneratur.

288 1495 317 1538 a.
340 1476 404 1541 343
426 1475 612 1556 argentaria
633 1473 827 1539 Heraclidae
848 1473 950 1541 floret.

289 1600 317 1643 a.
340 1578 400 1644 341
426 1585 550 1642 aestate
583 1577 762 1663 Apaturius
772 1577 956 1642 Parmenon
966 1574 1136 1641 Phocritus
1147 1574 1295 1640 Athenas

622 1681 765 1745 ueniunt.

582 1783 672 1869 prior
693 1790 876 1849 contractus
897 1780 934 1844 fit
947 1781 1032 1847 inter
1052 1780 1248 1868 Apaturium
1263 1788 1295 1846 et

624 1892 776 1957 actorem.

586 1986 780 2053 Heraclidae
803 1986 987 2072 argentaria
1010 1984 1202 2055 dissoluitur.

587 2091 682 2156 nauis
704 2090 843 2178 Apaturi
863 2091 959 2155 uenit.
1002 2089 1131 2175 litigant
1154 2092 1238 2154 inter
1261 2110 1296 2154 se

623 2194 802 2279 Apaturius
824 2201 856 2257 et
877 2192 1071 2260 Parmenon.

586 2295 770 2362 Parmenon
792 2297 922 2362 domum
945 2296 1022 2363 abit.

435 2399 527 2465 initio
549 2398 664 2464 hiemis
679 2399 855 2466 Aristocles
877 2397 918 2463 de
931 2397 1156 2463 Parmenontis
1178 2419 1296 2463 caussa

587 2502 764 2588 cognoscit.

436 2604 495 2671 sub
517 2607 613 2672 finem
634 2605 749 2670 hiemis
770 2603 949 2690 Apaturius
972 2611 1113 2669 actorem
1135 2604 1175 2669 de
1198 2625 1293 2690 spon·

588 2711 678 2775 sione
698 2730 764 2773 non
784 2705 935 2794 postulat.

292 2833 321 2876 a
342 2811 407 2876 340
429 2809 535 2878 hieme
555 2811 735 2899 Apaturius
756 2819 898 2875 actorem
917 2831 982 2875 non
1005 2818 1145 2875 accusat

291 2937 320 2980 a
341 2914 405 2980 339
426 2912 541 2979 hiemis
569 2914 661 2979 initio
683 2912 863 3000 Apaturius
891 2920 1033 2978 actorem
1060 2912 1100 2977 de
1122 2913 1294 2999 sponsione

586 3017 737 3103 postulat.
782 3025 872 3082 actor
894 3016 1020 3103 excipit.

294 3141 408 3184 uerum
430 3118 514 3185 hanc
540 3123 698 3185 rationem
720 3140 786 3183 non
807 3118 912 3202 magis
933 3117 1115 3187 absolutam
1138 3127 1169 3183 et
1191 3117 1293 3204 perfe-

210 3229 295 3286 ctam
325 3243 397 3287 esse
421 3243 520 3307 quam
542 3220 708 3288 Schaeferi
728 3219 860 3285 infitiari
879 3243 945 3286 non
966 3243 1063 3308 queo:
1093 3229 1218 3285 tantum
1242 3219 1295 3285 do·

207 3331 388 3388 monstrare
410 3324 507 3409 uolui,
529 3348 594 3390 non
615 3334 702 3392 recte
718 3323 926 3389 Schaeferum
948 3335 1024 3391 ante
1045 3334 1189 3412 tempora
1204 3323 1296 3408 regni

206 3424 384 3490 Alexandri
406 3427 582 3492 orationem
604 3427 748 3496 habitam
771 3448 842 3493 esse
865 3428 962 3514 plane
982 3429 1163 3513 negauisse.

206 3565 416 3574 -—-—..--..-.-—-

279 3633 308 3699 l)
325 3634 360 3683 ct
381 3627 492 3685 Schaef.
509 3598 531 3684 l.
549 3645 614 3699 pag.
634 3629 684 3684 168
700 3645 796 3698 proxx.
