3060 4658
646 231 855 297 -23„

212 400 402 475 πεισθέντες
432 450 469 467 ..
497 453 505 469 .
536 404 579 477 εὶς
608 394 791 489 ἐπιτροπὴν
820 406 981 489 ἔρχονται.
1033 403 1134 469 uerba
1165 402 1293 489 quidem
1375 469 1377 482 ,

213 501 441 579 ἐνεστηκυιῶν
462 499 492 568 δ’
520 499 632 580 αὐτοῖς
659 505 740 572 τῶν
770 505 893 571 δικῶν
900 507 920 589 ,’
943 528 1135 594 quamquam
1156 506 1293 573 sortasse

211 603 431 673 artlfieiosiore
451 608 714 693 interpretatione
737 608 882 674 adhibita
902 610 954 692 [ita
975 610 1129 697 explicari
1150 619 1292 697 possunt,

211 716 245 773 ut
265 709 477 797 antigraphae
499 733 563 776 non
580 720 694 779 uonna
715 712 832 795 dicant,
854 722 962 778 tamen
985 714 1291 799 argumentationem

211 809 374 877 Schaeferi
395 813 511 879 selsam
533 836 603 880 esse
625 816 829 882 eonuineunt.

293 915 358 980 alia
379 938 482 1004 nuper
503 917 650 1004 equidem
672 917 712 983 de
737 921 862 985 actione
883 920 1032 1005 cogitaui.
1075 921 1187 1007 putaui
1209 922 1293 986 enim

208 1017 455 1085 Parmenontem
471 1021 653 1087 eonomine
674 1021 716 1087 ab
730 1022 890 1108 Apaturio
906 1031 1091 1090 accusatum
1106 1046 1185 1104 esse,
1207 1023 1293 1110 quod

209 1143 324 1188 nauem
348 1121 441 1188 euehi
462 1122 678 1210 prohibuisset
708 1132 741 1188 et
763 1146 873 1191 seruos
893 1127 1026 1212 'eripere
1048 1136 1181 1195 eonatus
1210 1137 1294 1191 esset

207 1227 249 1309 (9.
284 1223 548 1310 ἐπιλαμβάνεται
585 1222 650 1290 τῶν
689 1227 845 1312 παίδων),
886 1227 919 1291 id
954 1228 1039 1315 quod
1076 1229 1183 1297 faeere
1228 1252 1292 1295 non

209 1326 346 1410 debuit,
364 1329 482 1415 quippe
512 1330 564 1393 eui
592 1351 664 1394 eum
694 1331 850 1419 Apaturio
880 1330 959 1397 nihil
987 1333 1095 1416 negoti
1124 1342 1224 1411 esset,
1257 1342 1293 1396 ut

209 1455 307 1520 supra
335 1433 482 1499 uidimus.
538 1443 573 1498 at
601 1454 678 1498 uero
708 1432 747 1498 de
777 1435 902 1500 actione
936 1434 1057 1519 βιαίων
1094 1457 1157 1521 quo
1187 1437 1291 1501 minus

208 1536 394 1620 eogitemus,
422 1534 502 1601 illud
524 1535 652 1603 obstare
674 1535 752 1603 mihi
781 1537 918 1618 uidetur,
939 1537 1024 1624 quod
1045 1527 1084 1621 is',
1119 1538 1236 1625 quide
1258 1541 1291 1602 ui

208 1638 491 1720 condemnabatur,
505 1640 555 1705 his
570 1643 652 1706 tanti
661 1638 856 1707 multabatur
866 1640 901 1727 ¹),
914 1643 1027 1727 quanti
1043 1640 1194 1707 damnum
1206 1641 1291 1728 quod
1360 1713 1363 1717 ἵ

209 1741 300 1807 alteri
329 1741 480 1808 intulerat
501 1744 703 1810 aestimatum
724 1753 802 1827 erat,
832 1746 1009 1832 Apaturius
1032 1755 1138 1812 autem
1161 1747 1238 1810 naui
1260 1755 1292 1810 et

209 1845 309 1909 seruis
330 1846 430 1910 aetori
451 1845 576 1911 traditis
598 1848 751 1916 damnum
772 1870 837 1913 non
858 1847 987 1912 fenerat.
1048 1916 1052 1924 ,

293 1948 428 2013 similem
456 1948 497 2014 ob
525 1970 671 2017 caussam
700 1950 734 2015 id
755 1951 860 2015 minus
887 1952 955 2016 ueri
984 1952 1085 2017 simile
1114 1961 1179 2033 est,
1204 1950 1290 2037 quod

206 2052 276 2117 fieri
297 2053 409 2139 potuit,
430 2061 466 2116 ut
487 2050 664 2140 Apaturius
685 2052 902 2134 Parmenonti,
925 2055 980 2140 qui
1002 2056 1160 2121 actionem
1181 2055 1290 2130 αἰκίας

207 2155 440 2241 intenderat²)‚
480 2155 638 2222 astionem
669 2147 799 2240 βλάβης
830 2156 1026 2222 intenderet:
1062 2157 1179 2223 etenim
1213 2155 1289 2243 quid

208 2258 315 2325 damni
337 2257 514 2347 Apaturius
536 2257 646 2324 feeerit
667 2281 730 2323 non
753 2257 856 2338 uideo,
878 2268 914 2323 ut
934 2259 1029 2326 modo
1050 2260 1126 2326 dixi.

254 2440 256 2447 s
293 2364 334 2428 ad
356 2359 569 2449 antigraphen
596 2361 765 2426 redeamus
785 2383 917 2431 neeesse
942 2371 1008 2445 est,
1040 2373 1076 2427 ut
1096 2361 1288 2451 Apaturium

207 2467 342 2534 eandem
363 2466 522 2531 astionem
544 2474 640 2551 atque
662 2465 908 2532 Parmenontem
934 2467 954 2531 i.
976 2488 1001 2530 e.
1025 2466 1119 2544 δίκην
1140 2466 1288 2548 usstass)

206 2569 382 2637 intendisse
413 2568 640 2633 existimemus.
689 2590 883 2656 quamquam
914 2592 955 2635 ne
988 2569 1016 2634 si
1046 2567 1130 2635 hane
1159 2568 1287 2654 quidem

204 2675 304 2739 fuisse
326 2672 484 2738 actionem
499 2672 678 2756 statuimus,
699 2694 809 2738 omnes
824 2671 1027 2739 difficultates
1042 2680 1182 2737 remotae
1198 2679 1286 2735 sunt:
1361 2702 1365 2709 ·
1391 2738 1400 2751 N

206 2799 271 2842 non
293 2776 364 2841 dieo
387 2774 489 2840 uerba
504 2772 717 2853 ἐνεστηκυιῶν
738 2770 766 2839 d
793 2770 908 2849 αὐτοῖς
929 2774 996 2840 τῶν
1011 2772 1118 2853 δικῶν,
1137 2795 1219 2860 quae
1242 2774 1288 2839 sie

206 2878 360 2967 explicari
381 2886 525 2963 possunt,
546 2886 582 2942 ut
604 2876 748 2941 dicamus
769 2877 908 2964 priorem
931 2879 1097 2956 achonem,
1120 2899 1202 2964 quae
1224 2881 1286 2942 svs-

207 3003 324 3059 στηκεν
345 2980 424 3065 (13),
456 2976 645 3065 antigrapho
667 3001 731 3043 non
756 2979 955 3064 antiquatam
977 3000 1046 3045 esse
1076 2979 1133 3044 sed
1155 2977 1287 3042 dilatam

206 3083 309 3164 modo,
332 3082 408 3148 dum
427 3081 467 3146 de
489 3079 679 3168 antigraphe
693 3080 867 3146 iudicatum
889 3090 982 3163 esset,
1003 3104 1079 3146 nam
1093 3081 1288 3147 Parmenon-

206 3196 280 3267 tem,
316 3187 343 3250 si
365 3185 530 3251 absolutus
553 3192 653 3264 esset,
685 3184 735 3248 ius
757 3205 849 3250 suurn
871 3185 944 3250 dica
965 3185 1120 3251 ineunda
1141 3184 1289 3270 persequi

207 3291 365 3374 potuisse:
388 3308 485 3375 quam
500 3287 541 3354 ob
562 3309 630 3353 rem
644 3287 867 3353 Parmenontis
889 3288 994 3354 dicam
1008 3297 1074 3353 tam
1096 3290 1151 3353 diu
1166 3293 1288 3364 ἐνεστη-

207 3398 298 3457 κέναι
326 3401 412 3457 reete
442 3390 519 3472 diei,
552 3391 628 3456 dum
658 3401 714 3457 aut
741 3390 891 3480 Apaturi·
909 3393 1101 3481 antigraphe
1129 3388 1288 3456 iudicibus

206 3494 344 3581 probata
365 3495 557 3581 antiquetur,
579 3504 634 3559 aut
656 3495 683 3558 si
705 3493 823 3559 reiecta
845 3495 978 3576 sitista,
1000 3494 1204 3569 diudicetur..
1232 3491 1289 3557 sed

207 3598 344 3684 primum
364 3598 447 3664 male
469 3620 520 3663 me
543 3598 648 3680 habet,
675 3597 760 3684 quod
787 3598 971 3687 simpliciter
993 3599 1224 3684 προσκαλεῖται
1246 3594 1288 3660 ab

206 3709 333 3765 oratore
354 3702 492 3787 positum
515 3710 572 3783 est,
593 3723 658 3766 non
680 3697 1005 3783 ἀντιαρσσκαλεῖταν,
1027 3709 1059 3766 et
1080 3701 1152 3790 δίκῃ
1174 3690 1290 3780 λύσων,

207 3823 270 3867 non
293 3797 482 3895 ἀντιγραφῇ
503 3797 620 3869 λύσων.
663 3812 732 3867 tum
752 3802 934 3867 mirandum
955 3811 1013 3884 est,
1034 3824 1091 3868 eur
1111 3802 1289 3887 Apaturius

208 3912 274 3968 tarn
302 3904 365 3969 cito
395 3905 437 3969 ad
466 3907 719 3993 conpromissum
749 3905 906 3969 adductus
928 3905 971 3968 sit
999 3915 1031 3970 et
1052 3902 1219 3970 commodo
1241 3924 1289 3984 eo,

278 4150 305 4216 l)
323 4146 359 4201 cf.
377 4143 486 4201 Heffter
504 4161 569 4216 pag.
587 4147 648 4203 246.
682 4144 746 4199 Mei.
765 4144 789 4198 h
807 4141 934 4198 Schoem.
953 4142 1004 4202 litt
1024 4144 1081 4202 Art.
1099 4158 1166 4217 pag.
1184 4141 1244 4206 546,

275 4236 305 4303 2)
323 4231 357 4288 cf.
376 4249 441 4305 pag.
460 4232 500 4288 14.
