3060 4658
688 255 899 320 ..60-

332 424 362 504 5.
383 422 435 490 22.
478 446 544 490 non
575 444 706 511 possum
736 446 802 491 non
831 446 962 492 monere
989 425 1128 493 formam
1150 420 1335 511 ααρασχή,

247 544 378 610 sopor
400 527 488 613 apud
507 527 759 595 Demosthenem
781 549 847 595 non
869 521 940 594 asse
962 530 1026 594 nisi
1047 531 1081 595 in
1103 529 1248 595 oratione
1270 528 1338 597 XX

246 628 349 715 (126),
372 650 455 716 quae
470 630 510 700 ol.
533 632 596 698 106
612 655 641 698 a.
662 633 683 698 2
707 633 827 718 scripta
849 639 906 697 est
953 632 1084 720 reliquis
1106 632 1172 698 XV
1194 632 1281 714 loeis,
1302 642 1339 698 ut

246 734 281 797 in
303 733 452 800 omnibus
467 735 666 802 orationibus
682 735 908 822 supposititiis,
924 744 973 801 est
987 738 1223 820 παρέξομαι.
1259 758 1337 801 num

146 884 149 893 .
247 824 400 905 credibile
436 847 484 903 est
510 838 761 906 Demosthenem
803 838 975 905 admodum
1004 840 1110 904 uirum
1138 839 1172 903 in
1201 838 1339 905 formula

246 940 456 1007 usitatissima
491 942 679 1025 παρέξομαι
714 935 869 1028 μάρτυρα
905 941 1039 1008 alteram
1070 942 1223 1025 formam,
1257 963 1339 1029 quae

245 1042 452 1109 audientibus
475 1046 626 1131 quaesita
646 1044 828 1127 uidebatur,
850 1044 1037 1111 adhibuisse
1049 1045 1096 1131 ¹J?
1173 1056 1176 1062 “

330 1150 358 1228 ξ.
381 1147 432 1213 27.
475 1142 630 1233 μάρτυρά
649 1171 709 1231 μοι
731 1140 793 1213 τὸν
814 1140 920 1233 νόμον
940 1143 1024 1213 εἶναι
1039 1145 1102 1214 τοῦ
1115 1142 1164 1235 μὴ
1180 1144 1336 1233 ἐγγυήσα-

247 1250 337 1314 σθαι
367 1250 424 1316 καὶ
452 1243 558 1316 αὐτὸν
580 1248 711 1318 τοῦτον.
747 1250 889 1332 ,moleste
915 1250 1036 1317 dietum
1058 1272 1129 1318 esse
1152 1246 1213 1319 τὸν
1232 1247 1338 1335 νόμον

247 1353 304 1416 καὶ
326 1346 432 1419 αὑτὸν
453 1352 586 1419 τοῦτον
615 1355 681 1419 iam
702 1352 874 1420 Dobraeus
896 1363 928 1419 et
949 1352 1138 1422 Dindorfius
1161 1363 1337 1421 senserunt

247 1453 419 1522 Dobraeus
446 1457 545 1541 igitur
567 1456 773 1522 sorihendum
794 1457 994 1523 existimauit
1014 1458 1101 1523 κατ’
1124 1450 1230 1527 αὐτὸν
1251 1456 1287 1543 (i.
1309 1479 1336 1522 e.

248 1552 309 1624 τὸν
330 1554 448 1646 νόμον)
469 1550 580 1642 τούτῳ
604 1560 638 1646 (i.
661 1582 688 1626 e.
704 1561 888 1648 Apaturio).
931 1580 1014 1646 quae
1028 1568 1138 1627 tamen
1152 1562 1337 1629 coniectura

247 1659 323 1725 ferri
345 1662 466 1748 nequit,
491 1683 557 1727 non
578 1664 655 1750 quia
674 1683 951 1750 superuacaneum
973 1671 1022 1729 est
1042 1659 1131 1733 sord
1153 1659 1270 1745 αὐτόν,
1293 1672 1336 1745 ‚ut

248 1765 294 1829 ait
316 1763 514 1846 Dindorfius‚
543 1766 601 1831 sed
623 1766 709 1853 quod
731 1768 819 1835 omni
841 1788 937 1833 sensu
958 1775 1061 1834 earet:
1090 1789 1167 1835 nam
1188 1775 1287 1848 sotor,
1309 1767 1338 1833 si

247 1888 342 1952 praes
372 1876 473 1952 esset,
511 1870 608 1937 etiam
638 1892 680 1936 ex
711 1869 768 1936 illa
795 1871 866 1956 legs
895 1870 1008 1937 fuisset
1037 1865 1226 1956 (r’ryyooiuor'
1261 1869 1334 1956 eisd:

247 1978 372 2036 tantum
394 1970 447 2035 lex
468 1972 532 2038 ista
546 1973 750 2060 impediebat,
771 1996 836 2061 quo
850 1974 956 2041 minus
970 1973 1116 2060 pecunia,
1138 1972 1229 2039 euius
1239 1994 1335 2058 praes

247 2071 353 2138 faetus
375 2082 454 2158 erat,
483 2075 525 2141 ab
548 2098 586 2143 eo
608 2076 800 2162 exigeretur.
847 2098 908 2143 neo
928 2098 1006 2142 uero
1028 2074 1151 2145 felicior
1172 2076 1234 2142 suit
1255 2074 1335 2141 Din-

248 2176 367 2243 dorfius
387 2176 408 2243 l.
432 2175 479 2260 el.‚
501 2200 574 2244 eum
596 2180 634 2245 ol.
648 2182 690 2246 28
712 2175 944 2267 (ἠγγυησάμην
957 2172 1018 2263 ἐγὼ
1038 2170 1149 2263 τούτῳ
1164 2171 1224 2245 τὸν
1239 2179 1332 2261 Παρ·

246 2279 406 2367 μένοντα)
416 2279 478 2347 hoe
490 2282 694 2351 scribendum
706 2290 776 2349 esse
791 2285 966 2350 oonioeret:
984 2276 1219 2368 ἐγγυήσασθαι
1233 2274 1337 2347 αὐτὸν

247 2375 357 2466 τούτῳ
380 2383 641 2469 (Parmenontsm
662 2386 849 2473 Apaturio):
872 2407 948 2451 nam
970 2387 1041 2473 quis
1063 2385 1194 2451 tandem
1215 2384 1336 2451 intelle-

247 2504 324 2569 gere
345 2495 452 2572 potest
466 2482 571 2555 αὐτὸν
585 2490 774 2577 pronomine
788 2489 953 2575 designari
966 2489 1225 2568 Parmenontem,
1245 2489 1336 2553 euius

248 2610 364 2653 nomen
385 2599 547 2676 postremo
569 2592 774 2680 paragrapho
796 2595 951 2659 uicesima
966 2595 1078 2681 quinta
1092 2592 1252 2680 prolatum
1267 2586 1336 2658 est?

248 2689 368 2756 tradita
402 2693 531 2780 quidem
569 2697 728 2784 scriptura
764 2696 812 2761 ita
843 2695 972 2763 defendi
1005 2704 1126 2782 potest,
1164 2705 1201 2760 ut
1232 2689 1336 2760 αὑτὸν

250 2787 310 2858 τὸν
330 2789 436 2880 νόμον
456 2796 563 2884 ipsam
585 2796 689 2884 legem
711 2800 731 2868 i.
753 2821 779 2865 a
801 2800 902 2866 uerba
923 2800 1005 2886 legis
1027 2799 1080 2887 (ct
1095 2798 1256 2884 Kruegeri
1277 2805 1335 2862 art.

246 2900 298 2963 51.
323 2899 352 2965 6.
374 2899 408 2985 8)
431 2901 581 2988 opposita
603 2924 673 2968 esse
695 2902 914 2970 existimemus
937 2906 992 2985 eis,
1014 2924 1097 2991 quae
1119 2900 1245 2986 exlege
1260 2922 1334 2967 oon·

248 3011 417 3068 secuntur:
439 3006 657 3090 ‚sponsionem
678 3028 764 3071 anno
785 3007 958 3092 praeterito
973 3007 1093 3072 factam
1107 3005 1232 3071 irritam
1246 3006 1335 3069 esse‘.

246 3104 304 3171 sed
340 3106 421 3173 haee
455 3108 539 3175 ratio
576 3106 778 3178 artificiosior
814 3118 870 3176 est.
925 3117 1028 3175 restat
1062 3108 1177 3193 igitur,
1211 3116 1247 3173 ut
1279 3106 1336 3171 καὶ

248 3294 457 3302 --.-,-...--.-

319 3400 344 3465 l)
362 3395 454 3452 forma
472 3397 526 3460 ἔξω
545 3397 634 3454 multo
652 3398 782 3457 usitatior
799 3403 861 3453 erat
878 3414 963 3470 quam
982 3397 1081 3464 σχήσω.

247 3484 302 3547 ἔξω
320 3485 396 3553 apud
406 3484 620 3539 Demosthenem
630 3516 663 3527 -
673 3485 834 3556 suppositas
852 3484 991 3540 orationes
1004 3484 1107 3540 suetis
1119 3501 1176 3539 non
1189 3484 1335 3554 seiungam

319 3601 355 3612 -
373 3571 649 3643 duodeseptuagiens
667 3577 717 3640 est,
736 3571 826 3638 σχήσω
845 3574 975 3643 septiens,

247 3657 382 3726 ἀνέξομαι
400 3657 452 3725 bis,

247 3743 387 3817 ἀφέξομαι
403 3750 513 3815 quater,
727 3744 921 3814 ἀπσσχήσσμαι
938 3742 990 3809 bis,

734 3832 899 3898 κατασχήσω
917 3831 1012 3899 semei,

245 3903 357 3971 μεθέξω
375 3902 428 3968 bis,

248 3988 360 4058 παρέξω
378 3990 474 4055 semel,

251 4075 431 4150 ἅντιπαρόξω
449 4076 545 4143 semel,

248 4166 376 4239 αρσσὸξα
394 4164 488 4229 semel,

249 4254 398 4322 συαέξσμαι
416 4250 510 4306 semel.
