3060 4658
712 236 926 303 -54-

274 410 331 478 ubi
344 412 440 479 τοντί
452 430 627 499 pronomen
642 410 796 475 omissum
811 408 869 476 sit:
884 409 944 475 III.
960 409 983 474 4
1003 410 1151 492 τρίτον
1172 400 1195 487 ἢ
1216 413 1362 493 τίταρ-

274 536 348 581 τον
369 516 463 589 ίτος
485 513 610 578 τουτὶ
629 506 771 600 Ἡραῖον
783 519 888 599 τεῖχος
901 509 1097 600 πολιορκῶν,
1117 510 1226 577 LIIII.
1241 511 1262 576 3
1276 500 1366 590 ἐξήλ-

273 618 386 702 θομεν
410 619 484 692 ἔτος
506 617 602 681 τουτὶ
623 618 750 701 τρίτον,
780 615 873 681 VIII.
895 618 917 682 2
938 615 999 693 τῆς
1019 616 1195 701 στρατείας
1216 614 1261 694 ἢν
1280 612 1364 679 ἐνδί-

274 742 378 787 κατον
397 717 489 803 μῆνα
510 720 830 800 τοντονὶποιεῖται,
857 718 950 785 XXI
975 718 1015 785 13
1045 714 1085 784 οὐ
1113 710 1366 794 καθεστηκότος

272 826 418 911 χορηγοῦ
444 822 561 908 τρίτον
586 827 655 898 ἐτός
676 825 779 889 τουτί.
829 822 913 889 oddo
935 821 1056 910 [LVI]
1077 822 1100 886 4
1121 813 1272 905 δεύτερον
1293 820 1366 894 ἐτος

274 926 370 993 τοντέ
392 917 619 1010 καρπούμενος
641 917 686 992 τοί
707 922 846 1013 ἡμέτερα
867 935 899 993 st
920 926 964 993 34
977 916 1200 1011 καρπούμενοι
1213 914 1366 1006 δεύτερον

275 1032 347 1106 ivor
377 1030 480 1094 τοντί.
523 1027 685 1094 ο1.Βε1ι(1.
715 1029 782 1095 ind.
803 1029 846 1098 II
876 1052 955 1099 s.u.
979 1027 1237 1096 ueneratione.
1280 1045 1365 1110 quse

275 1132 426 1219 exemplu
454 1153 527 1196 eum
549 1153 655 1218 panea
676 1133 759 1217 sint,
788 1155 848 1220 pro
869 1142 957 1201 nerto
980 1132 1152 1198 adfirmare
1173 1151 1240 1197 non
1261 1126 1366 1194 susim

274 1236 390 1319 τρίτον
403 1236 474 1311 ἐτος
489 1236 607 1302 omisso
621 1238 717 1303 τοντί
730 1236 921 1323 pronomine
935 1237 977 1303 ub
992 1234 1212 1302 Demosthene
1226 1232 1366 1298 dierum

275 1360 361 1405 esse:
392 1337 449 1403 sod
476 1359 549 1404 oum
579 1347 688 1406 orator
717 1340 752 1405 in
772 1338 927 1404 XXXIII
950 1341 1096 1407 oratione
1116 1338 1167 1405 bis
1187 1356 1367 1426 pronomen

275 1442 428 1523 omiserit,
448 1463 490 1506 ns
511 1439 574 1507 hoo
587 1442 718 1529 quidem
733 1452 957 1528 argumentum
972 1445 1178 1510 interessem
1192 1439 1363 1526 neglegsn·
1436 1432 1439 1436 ⁵

276 1545 353 1612 dum
375 1544 513 1611 uidetur.
1258 1598 1263 1605 .

358 1651 388 1730 ξ.
410 1647 440 1713 ὁ.
483 1646 698 1738 ἐνδιατρῖψαι
718 1659 960 1733 ,commoratum
982 1652 1077 1715 esse‘r
1098 1646 1235 1715 uerbum
1257 1643 1363 1711 ἐνδια-

275 1751 401 1838 τρίβειν
422 1772 487 1816 non
510 1759 617 1816 exstet
638 1754 671 1817 in
693 1775 827 1840 corpore
848 1754 1029 1819 orationum
1043 1749 1366 1818 Demostheniosrum

275 1854 339 1921 nisi
361 1850 620 1942 [XXXXVIH.]
649 1856 693 1921 20
721 1855 777 1941 (=
798 1855 950 1924 Aeschiu
971 1855 1034 1922 III.
1055 1855 1150 1942 201),
1178 1854 1234 1919 ubi
1255 1860 1365 1916 tamen

276 1980 407 2025 sensum
427 1979 536 2024 moras
557 1958 707 2024 nectendi
729 1960 798 2026 sius
816 1957 1053 2046 tergiuersondi
1065 1958 1208 2048 praebet.
1252 1954 1366 2021 eodem

278 2083 383 2143 sensu,
397 2082 461 2148 quo
475 2058 537 2126 hoo
551 2060 621 2126 loeo
635 2062 865 2148 ἐνδιατρίβειν,
880 2063 961 2129 ulios
975 2061 1160 2148 διατρίβειν
1173 2067 1366 2146 usurpatum

277 2174 342 2230 est:
364 2163 456 2230 VIII.
474 2163 515 2228 14
545 2169 580 2229 ἐν
606 2156 720 2255 θρόκρ
741 2164 913 2253 διατρίβει,
935 2166 1008 2232 XV.
1032 2166 1071 2230 11
1095 2166 1237 2243 πλησίον
1261 2156 1366 2239 αὐτῆς

160 2294 163 2298 ·
276 2267 505 2352 διατρίβοντος
523 2268 657 2348 ἐκείνου,
682 2267 808 2335 XVIII.
831 2270 894 2334 154
916 2265 1023 2335 αὐτοῦ
1041 2267 1217 2352 διέτριβον,
1237 2265 1279 2331 ib.
1304 2263 1366 2328 169

277 2368 484 2454 διετρίβομεν
511 2375 547 2435 ἐν
573 2368 704 2462 Πέλλη,
733 2371 890 2460 [XXVI]
922 2374 944 2438 6
972 2377 1007 2438 ἐν
1028 2372 1148 2460 Αἰγίνη
1174 2366 1368 2455 διατρίβειν,

278 2471 461 2560 [XXXII]
485 2474 507 2540 5
535 2472 605 2539 εἶναι
633 2473 811 2563 διέτριβεν,
841 2475 1016 2563 [LVIHI.]
1038 2476 1080 2541 36
1102 2473 1309 2560 διατρίψασα
1331 2474 1368 2535 ἐν

278 2583 348 2651 τοῖς
369 2566 555 2660 Μεγάροις,
582 2578 707 2663 [epist]
730 2578 761 2643 3.
785 2581 801 2644 1
826 2573 974 2646 ἐκποδὼν
995 2578 1213 2666 διατρίβοντι.
1260 2573 1365 2640 ἐνδια-

278 2679 405 2767 τρίβειν
434 2699 511 2764 ergo
541 2702 562 2744 ε
584 2680 803 2748 Demosthene
830 2683 1011 2769 profectum
1043 2705 1113 2748 esse
1141 2703 1207 2746 non
1228 2678 1366 2743 uidetur.

278 2805 361 2871 quae
398 2782 525 2870 quidem
560 2785 694 2870 suspitio
726 2806 765 2850 eo
794 2807 859 2851 non
891 2786 1059 2853 minimum
1088 2791 1240 2870 augetur,
1269 2778 1366 2869 quod,

277 2895 433 2973 quantum
454 2887 621 2973 conperire
634 2888 734 2973 potui,
756 2888 975 2976 ἐνδιατρίβειν
989 2889 1124 2956 uerbum
1135 2881 1259 2976 χρόνον
1274 2905 1367 2953 anou-

278 2992 382 3056 satiuo
411 2976 523 3056 addito
544 2988 599 3055 illo
621 3012 718 3056 sensu
738 3001 813 3079 post
834 2991 1034 3081 Thucydidis
1055 2992 1243 3059 memoriam
1263 3026 1306 3039 —
1327 2988 1367 3056 ef.

204 3135 208 3143 ι
277 3087 835 3180 Τίειιογδ.1’.12ἐνδιατριβόντιιν
850 3090 1013 3164 αὐτῶν-
1033 3119 1100 3162 nou
1114 3104 1164 3161 est
1177 3100 1368 3181 usurpatum

277 3197 341 3262 nisi
363 3217 384 3260 ε
404 3194 635 3261 recentioribus
657 3219 765 3263 rerum
788 3199 1009 3285 scriptoribus.
1054 3200 1095 3264 ef.
1110 3197 1224 3285 Polyb.
1239 3196 1301 3262 III.
1317 3197 1368 3262 88.

281 3303 308 3382 1,
328 3298 462 3364 Diodor.
483 3297 595 3362 XIIII.
620 3299 691 3366 107.

365 3406 391 3483 ξ.
415 3402 446 3466 9.
491 3394 554 3479 τὴν
580 3398 666 3466 ναῦν
693 3400 876 3488 ἐξορμίσαι,
907 3398 970 3484 τὴν
997 3402 1082 3470 ναῦν
1106 3402 1296 3488 ἐξορμίζειν,
1325 3402 1370 3466 24

280 3500 432 3593 ἐξώρμιζε
452 3495 514 3583 την
534 3502 630 3599 ναῦν.
672 3504 852 3595 ἐξορμίζειν
873 3501 935 3588 τὴν
956 3507 1041 3583 ναῦν
1053 3507 1215 3593 poeticum
1230 3503 1370 3571 colorem

280 3607 380 3675 habet
410 3642 449 3656 -
479 3607 518 3671 ef.
539 3606 617 3674 Eur.
641 3606 712 3673 Hei
736 3608 819 3674 1247
846 3614 889 3685 εἰς
918 3604 1044 3677 πόντον
1069 3610 1135 3695 ὅσα
1153 3603 1219 3696 χρὴ
1239 3613 1371 3674 νέκυσιν

281 3709 498 3796 ἐξορμίζομεν,
519 3708 640 3775 Phoen.
657 3710 720 3775 846
742 3714 914 3798 ἐξορμίσαι
927 3704 989 3778 σόν
1010 3706 1100 3777 πόδα
1122 3712 1193 3799 [ubi
1208 3710 1371 3779 Weoklei·

281 3815 354 3878 nius
385 3814 423 3880 ei.
453 3815 651 3899 ἐναιρμίσας
681 3807 744 3880 σόν
766 3816 833 3902 ιι.],
860 3814 975 3902 Sopho.
1003 3815 1089 3901 apud
1115 3816 1209 3884 Dem.
1241 3812 1370 3880 Phaler.

281 3921 309 3999 ᾗ.
339 3918 397 3983 151
431 3914 644 4000 ἐξορμίζομαι
668 3918 777 3984 πλόον
807 3953 847 3967 -
878 3939 939 3983 nee
965 3917 1065 3983 ullum
1087 3919 1235 4006 equidem
1256 3940 1373 4006 prosae

282 4023 436 4088 orationis
458 4021 564 4086 Iocum
585 4020 782 4107 inuestigare
802 4021 901 4108 potui,
922 4021 979 4091 ubi
1000 4022 1179 4110 ἐξορμίζειν
1199 4033 1291 4090 esset.

367 4132 398 4211 ξ.
423 4125 474 4192 10.
520 4119 643 4191 τοῦτον
672 4119 903 4192 ἀνοσιώτατον
930 4123 1105 4214 ἡγησάμην
1126 4125 1211 4195 εἶναι
1232 4128 1283 4214 τῷ
1302 4136 1372 4195 ἐπι-

279 4221 471 4318 χειρήματα
493 4234 656 4295 structura
670 4226 857 4295 duriuscule
877 4227 956 4297 mihi
977 4231 1106 4298 uidetur
1126 4253 1214 4298 esse:
1237 4232 1260 4298 δ
1264 4227 1308 4302 ιδ
1330 4228 1371 4301 τό
