3060 4658
665 171 853 234 -9—

211 343 398 410 uideamus:
433 342 536 409 altera
568 342 757 432 syngrapha
785 339 964 432 Apaturius
992 337 1096 407 XXX
1123 338 1229 405 minas
1263 336 1305 403 ab

213 446 388 515 Heraclide
410 468 445 513 se
466 456 648 515 mutuatum
670 471 741 515 esse
762 445 982 536 profitebatur,
1011 467 1075 534 qua
1096 443 1148 508 die
1168 442 1306 531 pecunia

211 551 379 619 reddenda
401 559 487 618 esset
508 550 763 618 constituebatur
776 551 809 639 ¹),
830 558 921 617 actor
939 549 1095 617 debitoris
1116 568 1306 637 praeeesse

213 655 389 725 dicebatur.
433 676 494 721 nec
508 678 585 723 uero
606 657 720 722 iamin
741 655 804 721 hac
826 652 1013 742 syngrapha
1026 653 1171 741 pignoris
1185 651 1305 719 mentio

212 759 342 825 uidetur
369 759 458 825 facta
493 781 581 827 esse:
621 783 697 827 nam
727 758 922 827 Heraclidae
958 757 1111 827 damnum
1141 764 1307 846 praestare

213 863 326 931 debuit
347 872 452 946 actor,
483 886 588 951 aquo
612 873 649 931 ut
676 863 720 931 ab
749 863 900 952 opulento
929 860 1058 929 homine
1079 860 1186 929 cautu
1217 858 1307 925 nulla

211 965 447 1054 postulabatur.

299 1068 403 1135 altera
424 1079 533 1136 autem
553 1071 743 1159 syngrapha
763 1070 944 1159 Apaturius
967 1076 1000 1133 et
1020 1066 1124 1133 XXX
1144 1066 1250 1133 minas
1272 1088 1308 1133 se

214 1172 408 1239 Heraclidae
438 1172 557 1240 debere
588 1176 737 1260 agnoscit
765 1184 798 1241 et
826 1175 860 1241 X
888 1174 993 1239 minas
1022 1193 1081 1259 per
1110 1180 1252 1239 actorem
1273 1180 1309 1239 se

217 1278 379 1364 accepisse
393 1277 571 1365 profitetur.
615 1278 683 1346 dies
698 1279 815 1347 deinde
835 1277 1010 1347 soluendae
1023 1276 1180 1365 pecuniae
1195 1273 1309 1343 eadem

218 1379 390 1446 eonsfituta
419 1379 547 1447 uidetur
576 1404 648 1448 esse
683 1392 781 1469 atque
816 1383 851 1448 in
880 1381 984 1448 altera
1012 1378 1215 1467 syngrapha,
1244 1399 1307 1465 quo

216 1484 321 1548 minor
350 1493 436 1549 esset
466 1483 638 1551 difficultas
667 1487 702 1551 in
729 1494 911 1589 prouectu.
927 1481 1091 1551 soluendo.
1143 1483 1209 1548 iam
1230 1503 1308 1548 uero

215 1585 329 1651 eadem
357 1589 392 1652 in
422 1588 611 1677 syngrapha
632 1588 893 1657 constituendum
922 1595 1009 1670 erat,
1038 1586 1156 1675 quibua
1176 1585 1308 1663 tandem

214 1691 373 1778 pecuniae
402 1691 587 1758 reddendae
625 1702 741 1760 essent
798 1691 907 1758 XXX⁴
930 1691 1060 1780 quidem
1095 1689 1170 1757 illae
1201 1689 1309 1756 minae

215 1793 351 1860 dubium
380 1815 447 1860 non
475 1806 525 1860 eat
554 1798 632 1884 quin
661 1798 724 1884 ipsi
752 1796 947 1865 Heraclidae
968 1793 1152 1862 reddendae
1178 1793 1309 1877 fuerint,

214 1899 262 1964 ita
282 1907 391 1964 tamen
413 1897 572 1982 uidelicet,
592 1908 629 1965 ut
650 1911 740 1968 actor
764 1902 855 1967 testis
875 1902 1061 1969 interesset:
1087 1921 1163 1964 nam
1184 1897 1247 1964 bac
1269 1896 1309 1963 de

215 2001 354 2089 pecunia
384 2005 556 2090 separatim
583 2004 804 2091 syngrapham
831 2004 1032 2091 conpositam
1061 2024 1131 2068 esse
1160 2010 1193 2067 et
1224 1999 1310 2066 hanc

216 2105 385 2195 pecuniam
409 2105 450 2170 ab
471 2106 545 2192 ipso
565 2106 738 2174 Heraclide
759 2107 919 2195 Apaturio
941 2106 1093 2172 neditam
1117 2124 1188 2171 esse
1211 2124 1310 2190 snpra

218 2207 393 2274 docuimus.
437 2207 471 2273 X
494 2218 601 2275 autem
623 2210 697 2277 illae
718 2212 841 2285 minae,
864 2231 945 2299 quas
971 2232 1028 2298 per
1056 2219 1198 2277 actorem
1219 2210 1307 2294 Apa·

217 2313 319 2377 turine
336 2334 356 2375 a
370 2311 586 2382 Parmenonte
602 2322 780 2401 acceperat,
796 2314 864 2379 sine
880 2314 978 2380 dubio
994 2315 1203 2380 constitutum
1217 2310 1309 2399 θεῖ’),

218 2426 334 2482 utnon
348 2416 412 2505 ipei
425 2415 635 2486 Parmenunti
650 2418 707 2484 sed
724 2418 825 2484 actori
838 2418 1061 2485 redderentur:
1083 2416 1310 2485 Parrnenontie

218 2520 313 2604 enim,
336 2520 455 2608 quippe
477 2521 532 2606 qui
553 2521 623 2609 ipse
645 2530 845 2590 conradum
859 2521 968 2587 faeere
990 2519 1200 2608 cernunt),
1221 2521 1255 2586 in
1271 2541 1310 2585 ea

217 2621 405 2710 syngrapha
427 2624 547 2689 mentio
570 2625 659 2691 facts
680 2623 903 2709 esse,uidetur
923 2624 1027 2707 nulla,
1051 2625 1115 2690 nisi
1136 2624 1219 2689 torte
1241 2623 1310 2686 eius

216 2748 333 2792 nomen
353 2728 437 2791 inter
459 2729 587 2793 testium
609 2730 740 2794 nomina
755 2726 971 2816 subscriptum
993 2738 1071 2795 erat.
1114 2746 1191 2792 nam
1207 2726 1310 2792 soluto

219 2838 388 2920 contractu
400 2852 517 2896 nauem
539 2831 669 2918 quidem
684 2830 778 2897 euehi
799 2829 948 2917 prohibet
963 2832 1021 2897 sed
1038 2841 1228 2896 tamennon
1250 2851 1309 2894 suo

219 2933 366 3014 nomine,
395 2935 515 3023 quippe
537 2937 593 3023 qui
615 2945 756 3002 actorem
785 2943 930 2999 accersat
959 2933 1043 3022 (10):
1065 2934 1112 3001 ibi
1133 2941 1240 3016 actor,
1268 2955 1310 2997 ne

217 3034 400 3101 Parmenon
421 3037 576 3104 domum
598 3038 706 3119 faciat,
727 3038 867 3125 Apaturi
891 3038 993 3105 seruis
1016 3039 1138 3125 potitur
1159 3058 1219 3103 nec
1240 3035 1310 3123 ipse

217 3139 400 3207 Parmenon
427 3142 491 3207 sibi
519 3143 684 3230 prospicit.
743 3162 839 3230 porro
867 3142 903 3205 in
933 3141 1121 3230 syngrapha
1149 3140 1310 3228 emptione
1376 3215 1380 3222 ‚

219 3242 369 3309 simulata
383 3245 596 3325 constituitur,
617 3254 654 3310 ut
668 3254 700 3311 et
714 3246 808 3310 nauis
823 3253 855 3309 et
877 3246 971 3326 serui,
987 3246 1042 3332 qui
1062 3245 1202 3331 remiges
1215 3244 1310 3310 nauis

218 3349 318 3417 fuisse
346 3347 497 3414 uidentur
506 3347 547 3434 ⁴),
577 3349 696 3414 actoris
724 3349 802 3431 sint,
832 3348 909 3414 dum
935 3344 1073 3414 XXXX
1099 3348 1174 3415 illae
1202 3350 1310 3414 minae

289 3507 316 3575 1)
332 3504 423 3559 ueluti
440 3507 484 3558 est
500 3502 648 3558 XXXVII.
671 3503 701 3560 b:
720 3505 867 3574 τιθέμεθα
893 3504 1065 3577 ouyypupda,
1087 3508 1119 3559 ἐν
1137 3503 1181 3562 ele
1200 3546 1206 3561 .
1226 3545 1233 3561 .
1251 3496 1312 3573 .ἧν

221 3597 393 3663 γεγραμμένη
464 3634 470 3647 .
489 3589 563 3647 λύσις
583 3590 674 3659 τούτῳ
692 3588 760 3663 παρ’
785 3590 866 3662 ἡμῶν
886 3595 918 3645 ἔν
935 3612 994 3645 τινι
1011 3593 1088 3665 ῥητῷ
1107 3590 1208 3666 χρῦνῳ.

289 3678 319 3746 a)
337 3677 373 3732 cf.
392 3676 530 3734 Sohaefer
547 3693 613 3750 pag.
631 3679 700 3734 297:
728 3680 788 3734 10¹³
809 3677 866 3734 lieh
883 3679 1045 3735 Parmenon
1063 3679 1127 3736 dem
1145 3680 1310 3753 Apaurrine,

221 3776 288 3817 num*
303 3763 353 3818 teil
369 3769 450 3819 nnter
467 3764 652 3838 vermittlung
671 3765 720 3820 des
738 3765 897 3837 sprecbera
926 3765 978 3820 sut
998 3765 1099 3822 descen
1116 3782 1219 3823 namu
1237 3767 1310 3823 anch

222 3849 268 3906 die
287 3849 387 3905 schnld
405 3851 587 3924 eingetragen
604 3852 707 3907 warde.

290 3936 319 4009 8)
339 3935 492 4006 obviastis
511 3933 562 3994 οὖν
582 3938 631 3995 cia
648 3938 780 4008 speetm
793 3938 976 4010 (Parmenon)
994 3940 1175 3995 παύσασθαι
1190 3941 1223 3995 τὸ
1242 3961 1310 4010 συμ-

217 4023 346 4095 βόλαιον,
366 4027 414 4093 spe
435 4021 460 4078 δ’
481 4025 586 4080 ἐκέλευε
603 4026 713 4099 πρᾶξαι
731 4024 808 4083 ὅπως
826 4023 902 4094 αὐτῷ
930 4025 967 4082 cde
984 4022 1179 4099 ἀσφαλέστατα
1197 4028 1261 4091 ἕξει.

288 4114 317 4179 4)
334 4111 371 4167 cf.
389 4111 503 4168 Dareet
522 4130 586 4186 pag.
604 4115 658 4171 214
676 4119 734 4169 not.
753 4118 785 4170 6:
809 4128 855 4167 ces
873 4111 999 4167 eselares
1017 4113 1123 4168 etaient
1138 4130 1206 4169 sane
1225 4116 1310 4172 doute

221 4198 378 4272 l'e'quipsge
397 4201 435 4256 du
452 4200 551 4255 navire
569 4200 780 4271 d’Apatourios.=
