3060 4658
669 251 954 312 44,-

531 421 690 485 menontis
710 417 864 506 praedem
886 440 966 498 esse,
988 427 1130 482 actorem
1151 418 1393 484 choumueniri=

531 545 607 587 nam

529 641 563 726 a)
587 644 707 707 amissa
732 642 883 729 pactione
917 650 1059 706 actorem
1086 664 1151 707 non
1180 642 1309 724 hahere,
1331 664 1397 728 quo

581 745 774 809 Aristoclem
809 745 978 809 mentitum
1016 768 1086 810 esse
1122 744 1396 831 concinatur),

524 863 559 949 b)
581 864 742 960 iudicibus
764 865 983 950 quaerendum
1005 889 1092 948 esse,
1120 889 1178 931 cur
1206 865 1396 952 Apaturius,

580 976 705 1031 tantum
734 968 834 1050 absit,
866 978 901 1032 ut
930 968 1123 1035 Aristoclem
1143 971 1177 1033 in
1205 972 1256 1032 ius
1290 979 1396 1047 uocet,

581 1075 665 1156 quod
688 1070 909 1157 syngrapham
929 1071 1016 1136 illam
1038 1072 1200 1152 deleuerit,
1222 1081 1258 1135 ut
1279 1072 1395 1136 eodem

581 1183 663 1238 teste
684 1184 795 1239 utatur
816 1175 872 1261 (38
880 1176 924 1260 a).

300 1293 392 1360 VIII.
434 1316 629 1365 numeror
643 1312 856 1382 (raucarum)
879 1295 984 1381 (3811).
1028 1305 1136 1361 orator

526 1399 559 1484 a)
582 1399 661 1463 dicit
675 1399 784 1463 omnia
797 1398 924 1484 prolata
939 1421 1018 1480 esse,
1034 1421 1117 1485 quae
1131 1401 1217 1464 iusta
1232 1402 1305 1482 sint,

522 1518 557 1603 b)
578 1518 700 1583 iudices
740 1519 942 1598 cohortatur,
979 1530 1015 1582 ut
1042 1542 1084 1584 ex
1114 1518 1240 1604 legibus
1273 1541 1391 1604 cogno-

580 1630 672 1686 scant

386 1742 460 1807 Hac
481 1764 523 1807 ex
544 1741 656 1807 tabula
676 1742 756 1806 satis
771 1762 930 1829 superque
945 1739 1139 1832 intellegitur
1153 1744 1187 1807 in
1201 1742 1390 1806 uniuersum

296 1853 383 1911 recte
404 1846 600 1911 iudicauisse
614 1844 776 1909 Blassium
789 1866 863 1932 pag.
879 1846 952 1928 514,
975 1868 1048 1910 cum
1063 1846 1184 1912 diceret
1199 1846 1391 1910 concinnam

298 1970 369 2014 esse
399 1950 554 2015 orationis
583 1948 824 2036 dispositionem
852 1971 891 2014 ac
921 1971 1029 2014 rerum
1059 1948 1300 2015 collocationem
1322 1958 1391 2012 tam

298 2061 419 2118 rectam
441 2074 521 2136 esse,
544 2061 580 2117 ut
602 2073 713 2118 omnes
736 2054 913 2118 sententiae
935 2055 1019 2118 inter
1042 2076 1076 2119 se
1089 2074 1231 2118 conexae
1246 2061 1279 2117 et
1294 2061 1391 2137 aptae

299 2165 414 2222 essent.
448 2178 561 2221 uerum
576 2158 661 2222 enim
682 2178 759 2223 uero
782 2156 931 2222 omnibus
954 2158 1094 2223 numeris
1116 2156 1297 2222 absolutam
1320 2177 1392 2220 esse

302 2260 543 2346 dispositionem
565 2260 713 2347 equidem
735 2263 933 2344 negauerim.

383 2402 422 2446 ac
442 2382 581 2467 primum
604 2381 732 2466 quidem
754 2384 789 2447 in
811 2382 944 2447 exordio
965 2380 1049 2445 male
1071 2402 1122 2444 me
1144 2379 1266 2445 habent
1285 2379 1389 2445 uerba

297 2484 496 2572 paragraphi
528 2486 642 2550 tertiae
679 2485 794 2550 haece:
826 2483 844 2551 ὁ
877 2486 939 2568 μὲν
969 2476 1029 2549 οὖν
1064 2474 1149 2568 μετὰ
1178 2477 1301 2549 τούτου
1329 2507 1389 2566 μοι

297 2581 571 2671 ἐπιβεβουλευκὼς
594 2589 649 2652 καὶ
672 2582 732 2653 τὸν
754 2585 868 2673 ἀγῶνα
888 2588 1024 2652 τουτονὶ
1038 2580 1281 2661 κατεσκευακώς
1296 2595 1386 2671 προϊ-

210 2769 212 2772 ,
297 2684 394 2765 ὄντος
417 2689 478 2755 τοῦ
506 2683 609 2774 λόγου
630 2684 828 2779 καταφανὴς
850 2689 929 2774 ὑμῖν
951 2693 1050 2755 ἔσται,
1101 2688 1163 2754 hoc
1186 2689 1387 2754 enuntiatum

296 2792 352 2855 diu
383 2793 582 2878 multumque
613 2792 830 2867 consideranti
858 2793 938 2857 mihi
967 2795 1001 2857 in
1031 2792 1201 2857 decursum
1231 2791 1384 2857 orationis

296 2895 456 2982 quadrare
492 2907 638 2963 nonest
667 2898 795 2962 uisum:
827 2919 903 2962 nam
935 2897 1126 2962 concinnum
1156 2896 1386 2961 sententiarum

296 2999 442 3064 ordinem
472 3001 686 3086 interrumpit.
738 3010 853 3088 postea
881 3002 967 3066 enim
996 3023 1092 3088 quam
1115 3009 1239 3076 orator,
1269 2997 1384 3085 quibus

294 3102 538 3169 condicionibus
568 3104 714 3191 exceptio
743 3126 897 3170 concessa
929 3115 1028 3185 esset,
1059 3103 1309 3184 demonstrauit,
1338 3102 1384 3164 ita

293 3204 493 3290 pergendum
523 3216 608 3288 erat,
639 3195 683 3270 ut*
705 3229 776 3272 sese
800 3208 914 3272 eodem
934 3209 1005 3273 iure
1028 3208 1249 3295 exceptionem
1270 3205 1384 3270 fecisse

294 3307 431 3373 diceret:
454 3308 673 3394 ἐγκαλοῦντος
688 3304 750 3376 οὖν
765 3334 824 3395 μοι
835 3308 1056 3400 Ἀπατουρίου
1076 3314 1147 3377 κτλ.
1183 3310 1383 3374 enuntiatum

270 3433 369 3476 uero
393 3406 411 3475 ὃ
432 3412 494 3495 μὲν
516 3464 522 3478 .
546 3466 553 3479 .
575 3465 581 3478 .
604 3417 700 3478 ἔσται
724 3414 770 3478 sic
791 3417 932 3500 positum
951 3439 988 3481 eo
1011 3416 1115 3498 magis
1137 3410 1384 3500 uituperandum

291 3522 350 3595 est,
374 3513 460 3600 quod
483 3538 523 3581 ne
538 3517 694 3603 probatur
709 3519 838 3604 quidem
852 3520 1011 3606 Eryxiam
1026 3518 1123 3582 totius
1138 3516 1203 3581 litis
1219 3523 1382 3580 auctorem

292 3637 363 3680 esse
389 3658 423 3666 —
450 3618 490 3685 cf.
517 3622 564 3687 18.
589 3618 607 3686 ὁ
628 3619 738 3685 ταῦτα
760 3614 1013 3699 κατασκευάζων
1035 3616 1109 3702 uid,
1134 3619 1190 3685 ubi
1210 3641 1271 3683 nec
1291 3619 1380 3683 testi·

295 3722 402 3787 monio
424 3744 485 3787 nec
507 3733 697 3809 argumento
718 3725 783 3791 ullo
805 3734 916 3790 ueram
932 3747 1002 3789 esse
1016 3725 1134 3790 actoris
1148 3724 1382 3790 incusationem
1429 3746 1433 3755 ’

291 3824 529 3891 demonstratur
554 3867 600 3892 -.
645 3828 750 3893 bonus
779 3829 908 3915 quidem
931 3837 1040 3894 orator
1061 3829 1157 3893 istam
1180 3829 1381 3907 sententiam,

290 3927 317 3991 si
346 3928 381 3993 in
408 3930 608 4017 prooemium
630 3952 702 3995 eam
723 3933 866 4019 recipere
888 3932 1006 4016 uoluit,
1034 3932 1143 3997 uerbis
1165 3934 1380 4017 ἐγκαλοῦντος

289 4037 355 4100 art.
401 4043 457 4101 aut
479 4036 675 4120 coniungere
697 4043 754 4100 aut
768 4056 855 4117 uero,
875 4035 910 4101 id
924 4037 1010 4123 quod
1024 4036 1104 4102 mihi
1118 4038 1230 4102 mehus
1246 4024 1380 4115 uidetur,
1437 4080 1449 4093 ·

290 4136 484 4222 subiungere
507 4137 624 4204 debuit

374 4240 596 4308 uehementius
629 4252 737 4311 autem
767 4243 1031 4333 reprehendenda
1060 4246 1139 4311 mihi
1160 4245 1287 4312 uidetur
1308 4269 1380 4312 nar·
