3060 4658
682 278 923 363 *342

243 446 520 531 ponere‘multum
536 446 705 512 Aristoclis
726 445 880 509 interesse
895 447 1035 535 Apaturi
1056 469 1203 514 caussam
1227 455 1331 512 stare:

243 571 319 613 nam
341 549 372 612 ei
393 549 572 614 timendum
595 572 675 631 esse,
697 569 738 613 ne
761 549 788 611 si
810 548 992 616 Parmenon
1015 551 1161 632 uicisset,
1184 551 1254 636 ipse
1276 571 1329 638 pe-

217 652 371 718 'euniam
408 651 583 717 dissoluere
620 659 803 737 cogeretur,
840 652 959 740 quippe
996 656 1051 740 qui
1085 677 1143 741 pro
1171 654 1330 741 Apaturio

244 755 484 844 spopondisset:
505 755 575 819 iure
598 765 705 821 autem
727 777 791 818 non
815 754 934 821 uiolato
957 757 1116 821 uicturum
1138 757 1237 821 lirisse
1251 756 1330 820 Par-

241 867 438 938 menontem‚
468 856 554 946 quod
583 857 696 923 melior
718 867 803 921 esset
824 859 894 922 eius
917 880 1048 941 caussa,
1070 859 1256 945 neglexerat
1278 858 1330 922 de-

240 962 338 1046 nique
361 959 590 1046 demonstrare,
604 961 854 1025 audacissimum
868 960 1032 1027 hominem
1047 985 1117 1028 esse
1132 961 1333 1043 Aristoclem,

241 1064 296 1148 qui
327 1064 472 1149 peierare
506 1085 572 1130 non
601 1063 773 1131 dubitaret.
830 1088 894 1131 non
924 1064 1090 1130 minimum
1116 1081 1213 1152 porro
1242 1064 1331 1150 Apa-

241 1168 344 1230 turius
374 1188 413 1231 ea
442 1189 477 1231 re
504 1166 736 1250 adiuuabatur,
766 1168 853 1255 quud
882 1169 1066 1235 Parinenon
1088 1168 1237 1253 Athenas
1267 1184 1333 1234 non

240 1268 396 1333 redierat:
425 1278 553 1356 poterat
573 1272 659 1335 enim
684 1273 813 1336 mentiri
835 1280 876 1353 et,
897 1295 981 1359 quae
1003 1275 1071 1338 eius
1093 1283 1164 1338 erat
1186 1272 1332 1350 audacia,

240 1370 392 1435 mentitus
422 1380 470 1437 est
498 1373 747 1442 Parmenontem
776 1397 841 1440 nou
870 1374 1007 1459 redisse,
1045 1386 1215 1463 propterea
1246 1374 1332 1461 quod
1446 1421 1448 1426 η

240 1496 392 1539 caussam
427 1498 519 1540 suam
551 1477 765 1567 desperasset.
814 1488 976 1565 postremo
1011 1481 1171 1566 Apaturio
1203 1478 1333 1543 infinita

240 1580 399 1666 quaedam
420 1580 563 1666 fingendi
581 1591 618 1647 et
638 1580 876 1647 commentandi
896 1591 1039 1666 potestas
1055 1592 1132 1666 erat,
1155 1584 1231 1668 quia
1245 1581 1329 1647 Pho-

240 1685 355 1763 eritus,
385 1705 481 1769 quem
509 1686 638 1750 tertium
670 1707 711 1750 ex
736 1684 866 1750 arbitris
888 1684 988 1748 fuisse
1010 1683 1163 1767 uidimus,
1192 1684 1331 1750 Athenis

239 1797 309 1851 tum
339 1788 466 1852 uidetur
488 1788 645 1871 abluisse,
667 1789 785 1875 quippe
808 1787 897 1852 nulla
919 1788 988 1852 eius
1011 1789 1129 1854 mentio
1151 1788 1196 1857 fit.
1248 1810 1332 1874 quae

240 1911 313 1954 oum
342 1892 389 1956 ita
419 1899 542 1971 essent,
572 1891 713 1970 iudices,
743 1891 807 1954 nisi
827 1890 1075 1955 Parmenontem
1103 1899 1217 1956 contra
1243 1890 1331 1975 leges

240 1994 447 2059 condemnari
469 1994 697 2077 meminerant,
729 1993 880 2058 facillime
901 1996 1083 2081 permoueri
1104 2002 1267 2080 poterant,
1295 2003 1332 2058 ut

239 2098 400 2182 Apatruio
424 2095 691 2177 obsecundarent,
721 2119 918 2183 quamquam
940 2099 1058 2162 actoris
1081 2119 1197 2163 caussa
1218 2097 1331 2162 melior

242 2209 320 2265 erat.

327 2302 489 2383 Quoniam
524 2302 564 2367 de
603 2326 718 2370 caussa
746 2307 818 2392 ipsa
853 2306 955 2392 deque
984 2306 1053 2369 eius
1084 2305 1247 2370 actoribus
1275 2327 1330 2373 ex-

239 2408 414 2491 posuimus,
446 2407 590 2492 sequitur
612 2416 648 2471 ut
670 2430 863 2493 quaeramus
874 2408 898 2494 1)
905 2456 914 2490 ,
944 2408 1097 2493 quesere
1120 2431 1204 2473 anno
1228 2410 1330 2473 oratio

240 2508 352 2573 habita
374 2530 444 2573 esse
466 2508 625 2577 uideatur.
680 2510 765 2597 quod
788 2512 826 2576 F.
849 2510 995 2576 Rankius
1018 2512 1179 2598 quondam
1200 2514 1234 2576 in
1257 2511 1331 2577 libri

240 2613 296 2698 qui
316 2612 502 2677 inscribitur
525 2612 771 2700 encyclopaedie
793 2613 850 2678 der
871 2612 1053 2681 wissenscb.
1076 2637 1107 2677 u.
1123 2614 1241 2678 lriinste
1255 2623 1330 2680 tom.

239 2717 290 2782 24.
313 2737 389 2802 pag.
415 2719 485 2783 118.
516 2719 658 2803 sperauit
684 2719 752 2783 fore
775 2717 948 2803 aliquando
971 2725 1006 2780 ut
1027 2726 1153 2802 tempus
1176 2718 1330 2782 orationis

238 2818 392 2884 XXXIII
423 2832 573 2886 accurate
603 2821 729 2887 definiri
761 2830 887 2907 posset,
907 2821 941 2884 id
963 2819 1069 2886 adhue
1092 2829 1241 2885 euentum
1263 2843 1329 2886 non

238 2921 361 2988 habuit.
409 2945 513 3009 neque
536 2924 620 2988 enim
644 2925 794 3008 contigit,
821 2932 857 2986 ut
878 2925 1136 3009 inuestigaretur,
1159 2946 1222 3011 quo
1245 2945 1329 2987 anno

237 3036 342 3092 terrae
371 3025 425 3091 ille
446 3036 552 3103 motus
577 3027 698 3106 fuisset,
721 3049 784 3113 quo
808 3025 1029 3092 Cherronesus
1051 3035 1181 3091 uastata
1202 3048 1273 3092 esse
1295 3018 1331 3090 in*

237 3132 382 3196 oratione
411 3139 570 3196 narratur.
621 3139 748 3196 tantum
776 3139 903 3194 constat
930 3141 1004 3216 post
1030 3153 1150 3195 annum
1171 3130 1233 3194 341
1259 3152 1329 3195 ora·

237 3237 357 3300 tionem
388 3233 532 3299 habitam
561 3256 649 3299 esse:
679 3257 755 3299 nam
778 3233 972 3299 Heraclidae
998 3235 1199 3318 argentaria,
1231 3253 1328 3318 quam

235 3337 330 3401 tertio
353 3356 437 3400 anno
461 3347 535 3401 ante
558 3359 653 3423 quam
675 3337 715 3401 lis
740 3339 865 3402 intenta
891 3348 940 3403 est
963 3337 1151 3404 dissolutam
1176 3357 1247 3400 esse
1263 3336 1327 3417 §.9

237 3441 391 3525 scriptum
406 3437 564 3518 uidemus,
580 3461 682 3526 usque
698 3441 740 3506 ad
755 3463 876 3506 annum
888 3443 950 3507 343
965 3442 1073 3507 floruit
1083 3443 1119 3526 2).
1163 3438 1327 3504 Arnoldus

235 3661 362 3731 paruit
379 3661 543 3733 otrange,
561 3679 621 3718 ear
639 3662 804 3718 l’arbitre
823 3680 857 3717 se
880 3662 1040 3718 trouvait
1059 3662 1151 3716 ainsi
1169 3663 1267 3717 evoli·
1284 3678 1325 3716 un

234 3748 366 3804 interit
385 3749 473 3802 dans
492 3749 657 3805 l’affaIre
676 3750 763 3820 qu’il
782 3750 873 3823 dtait
890 3748 1033 3820 appelle
1051 3748 1195 3821 bjuger.

305 3838 332 3906 l)
350 3835 385 3891 cf.
401 3835 546 3891 Sehaeferi
567 3837 619 3891 uol.
633 3837 702 3891 llIB
719 3854 785 3910 pag.
803 3838 855 3892 299
873 3853 969 3908 prora,
989 3835 1080 3890 Blass.
1096 3837 1114 3893 l.
1133 3837 1168 3892 cl.
1186 3853 1251 3908 pag.
1264 3837 1324 3892 512.

302 3925 329 3992 2)
348 3923 383 3978 of.
396 3921 496 3996 [Deml
509 3923 704 3979 XXXXVIII.
725 3926 758 3978 12
771 3923 905 3996 ἅργύριον
918 3920 944 3974 δ’
961 3922 1025 3976 εἴτι
1038 3922 1185 3976 κατέλιπεν
1196 3923 1210 3974 ὁ
1222 3923 1325 3976 Κόνων

140 4020 146 4031 “
234 4039 268 4051 -
288 4009 336 4081 qui
354 4010 467 4080 quidem
486 4025 560 4065 anno
577 4013 629 4066 343
646 4019 774 4066 mortuus
787 4016 837 4076 est,
856 4009 891 4065 cf.
916 4010 1040 4065 eiusdem
1051 4011 1185 4065 orationis
1203 4015 1226 4076 ξ.
1244 4011 1280 4065 36
1297 4013 1325 4061 et

231 4096 342 4152 Schaef.
355 4096 424 4151 ΠΙΒ
436 4114 503 4170 pag.
522 4099 573 4153 239
587 4129 622 4138 -
643 4099 767 4171 φανερὸν
785 4102 833 4151 ἐπὶ
850 4103 890 4171 τῇ
909 4102 1061 4173 τραπέζῃ
1080 4104 1119 4173 τῇ
1135 4097 1325 4170 Ἡρακλεί-

230 4182 302 4250 dcv,
322 4187 410 4238 τοῦθ’
429 4183 507 4237 ἅπαν
526 4181 624 4253 σχεδόν
637 4207 666 4240 τι
679 4184 809 4254 ἀνηλώθη
829 4185 868 4242 εἴς
885 4207 915 4239 τε
933 4185 985 4255 τὴν
1003 4186 1097 4261 ταφὴν
1116 4191 1163 4238 καὶ
1181 4177 1268 4239 τᾶλλα
1286 4179 1323 4238 aa*

230 4271 412 4345 νομιζόμενα.
