<?xml version="1.0" encoding="UTF-8"?>
<!DOCTYPE html PUBLIC "-//W3C//DTD XHTML 1.0 Transitional//EN"
    "http://www.w3.org/TR/xhtml1/DTD/xhtml1-transitional.dtd">
<html xmlns="http://www.w3.org/1999/xhtml" xml:lang="en" lang="en">
 <head>
  <title>
</title>
<meta http-equiv="Content-Type" content="text/html;charset=utf-8" />
  <meta name='ocr-system' content='tesseract 3.04.00' />
  <meta name='ocr-capabilities' content='ocr_page ocr_carea ocr_par ocr_line ocrx_word'/>
</head>
<body>
  <div class='ocr_page' id='page_1' title='image "./prolegomenonind01schugoog_0022.png"; bbox 0 0 3060 4658; ppageno 0'>
   <div class='ocr_carea' id='block_1_1' title="bbox 636 211 846 275">
    <p class='ocr_par' dir='ltr' id='par_1_1' title="bbox 636 211 846 275">
     <span class='ocr_line' id='line_1_1' title="bbox 636 211 846 275; baseline 0 -17"><span class='ocrx_word' id='word_1_1' title='bbox 636 211 846 275; x_wconf 58' lang='lat'>„13-</span> 
     </span>
    </p>
   </div>
   <div class='ocr_carea' id='block_1_2' title="bbox 199 378 1297 2320">
    <p class='ocr_par' dir='ltr' id='par_1_2' title="bbox 200 378 1297 776">
     <span class='ocr_line' id='line_1_2' title="bbox 203 378 1297 467; baseline 0.004 -24"><span class='ocrx_word' id='word_1_2' title='bbox 203 399 288 443; x_wconf 77' lang='lat' dir='ltr'>enee:</span> <span class='ocrx_word' id='word_1_3' title='bbox 316 378 380 445; x_wconf 83' lang='lat' dir='ltr'>hue</span> <span class='ocrx_word' id='word_1_4' title='bbox 401 380 565 467; x_wconf 81' lang='lat' dir='ltr'>enimqui</span> <span class='ocrx_word' id='word_1_5' title='bbox 586 381 718 449; x_wconf 82' lang='lat' dir='ltr'>taudem</span> <span class='ocrx_word' id='word_1_6' title='bbox 739 381 810 447; x_wconf 85' lang='lat' dir='ltr'>fieri</span> <span class='ocrx_word' id='word_1_7' title='bbox 842 383 964 467; x_wconf 85' lang='lat' dir='ltr'>potuit,</span> <span class='ocrx_word' id='word_1_8' title='bbox 991 403 1065 448; x_wconf 84' lang='lat' dir='ltr'>eum</span> <span class='ocrx_word' id='word_1_9' title='bbox 1085 381 1297 449; x_wconf 85' lang='lat' dir='ltr'>Parmenonti</span> 
     </span>
     <span class='ocr_line' id='line_1_3' title="bbox 202 482 1295 571; baseline 0.005 -26"><span class='ocrx_word' id='word_1_10' title='bbox 202 502 272 545; x_wconf 84' lang='lat' dir='ltr'>eum</span> <span class='ocrx_word' id='word_1_11' title='bbox 292 482 454 567; x_wconf 84' lang='lat' dir='ltr'>Apaturio</span> <span class='ocrx_word' id='word_1_12' title='bbox 477 483 555 549; x_wconf 90' lang='lat' dir='ltr'>nihil</span> <span class='ocrx_word' id='word_1_13' title='bbox 577 486 688 569; x_wconf 81' lang='lat' dir='ltr'>negoti</span> <span class='ocrx_word' id='word_1_14' title='bbox 717 483 827 550; x_wconf 79' lang='lat' dir='ltr'>annet?</span> <span class='ocrx_word' id='word_1_15' title='bbox 859 484 923 550; x_wconf 84' lang='lat' dir='ltr'>hue</span> <span class='ocrx_word' id='word_1_16' title='bbox 943 485 1083 567; x_wconf 83' lang='lat' dir='ltr'>aceedit,</span> <span class='ocrx_word' id='word_1_17' title='bbox 1113 484 1200 571; x_wconf 81' lang='lat' dir='ltr'>quod</span> <span class='ocrx_word' id='word_1_18' title='bbox 1228 506 1295 551; x_wconf 83' lang='lat' dir='ltr'>una</span> 
     </span>
     <span class='ocr_line' id='line_1_4' title="bbox 200 585 1295 675; baseline 0.003 -25"><span class='ocrx_word' id='word_1_19' title='bbox 200 586 322 650; x_wconf 86' lang='lat' dir='ltr'>intenta</span> <span class='ocrx_word' id='word_1_20' title='bbox 345 595 396 650; x_wconf 78' lang='lat' dir='ltr'>ent</span> <span class='ocrx_word' id='word_1_21' title='bbox 414 585 543 673; x_wconf 79' lang='lat' dir='ltr'>aoti01),</span> <span class='ocrx_word' id='word_1_22' title='bbox 565 597 602 652; x_wconf 89' lang='lat' dir='ltr'>ut</span> <span class='ocrx_word' id='word_1_23' title='bbox 623 587 708 653; x_wconf 84' lang='lat' dir='ltr'>duae</span> <span class='ocrx_word' id='word_1_24' title='bbox 728 587 803 653; x_wconf 83' lang='lat' dir='ltr'>illae</span> <span class='ocrx_word' id='word_1_25' title='bbox 830 609 914 675; x_wconf 91' lang='lat' dir='ltr'>quae</span> <span class='ocrx_word' id='word_1_26' title='bbox 935 588 979 654; x_wconf 87' lang='lat' dir='ltr'>ab</span> <span class='ocrx_word' id='word_1_27' title='bbox 1002 597 1129 654; x_wconf 84' lang='lat' dir='ltr'>oratore</span> <span class='ocrx_word' id='word_1_28' title='bbox 1149 587 1295 674; x_wconf 80' lang='lat' dir='ltr'>prolatae</span> 
     </span>
     <span class='ocr_line' id='line_1_5' title="bbox 201 688 1043 776; baseline 0.005 -24"><span class='ocrx_word' id='word_1_29' title='bbox 201 696 277 752; x_wconf 86' lang='lat' dir='ltr'>aunt</span> <span class='ocrx_word' id='word_1_30' title='bbox 297 710 432 755; x_wconf 79' lang='lat' dir='ltr'>nauseae</span> <span class='ocrx_word' id='word_1_31' title='bbox 455 688 565 776; x_wconf 82' lang='lat' dir='ltr'>aliqua</span> <span class='ocrx_word' id='word_1_32' title='bbox 585 692 710 757; x_wconf 86' lang='lat' dir='ltr'>ratione</span> <span class='ocrx_word' id='word_1_33' title='bbox 732 690 949 757; x_wconf 73' lang='lat' dir='ltr'>conectendae</span> <span class='ocrx_word' id='word_1_34' title='bbox 971 692 1043 756; x_wconf 83' lang='lat' dir='ltr'>aiut.</span> 
     </span>
    </p>

    <p class='ocr_par' dir='ltr' id='par_1_3' title="bbox 199 794 1297 2320">
     <span class='ocr_line' id='line_1_6' title="bbox 285 794 1293 883; baseline 0 -27"><span class='ocrx_word' id='word_1_35' title='bbox 285 812 347 876; x_wconf 81' lang='lat' dir='ltr'>age</span> <span class='ocrx_word' id='word_1_36' title='bbox 368 813 446 857; x_wconf 89' lang='lat' dir='ltr'>uero</span> <span class='ocrx_word' id='word_1_37' title='bbox 470 795 635 880; x_wconf 82' lang='lat' dir='ltr'>quaeritur</span> <span class='ocrx_word' id='word_1_38' title='bbox 665 817 760 874; x_wconf 83' lang='lat' dir='ltr'>nunc,</span> <span class='ocrx_word' id='word_1_39' title='bbox 789 795 1111 883; x_wconf 82' lang='lat' dir='ltr'>quampotissimum</span> <span class='ocrx_word' id='word_1_40' title='bbox 1135 794 1293 859; x_wconf 75' lang='lat' dir='ltr'>actionem</span> 
     </span>
     <span class='ocr_line' id='line_1_7' title="bbox 200 893 1295 982; baseline 0.005 -24"><span class='ocrx_word' id='word_1_41' title='bbox 200 893 384 961; x_wconf 78' lang='lat' dir='ltr'>Parmanen</span> <span class='ocrx_word' id='word_1_42' title='bbox 406 896 588 962; x_wconf 83' lang='lat' dir='ltr'>intenderit.</span> <span class='ocrx_word' id='word_1_43' title='bbox 633 906 730 982; x_wconf 81' lang='lat' dir='ltr'>prout</span> <span class='ocrx_word' id='word_1_44' title='bbox 758 899 844 963; x_wconf 81' lang='lat' dir='ltr'>enim</span> <span class='ocrx_word' id='word_1_45' title='bbox 873 899 926 963; x_wconf 81' lang='lat' dir='ltr'>uel</span> <span class='ocrx_word' id='word_1_46' title='bbox 948 897 1032 965; x_wconf 84' lang='lat' dir='ltr'>hane</span> <span class='ocrx_word' id='word_1_47' title='bbox 1066 895 1117 963; x_wconf 89' lang='lat' dir='ltr'>uel</span> <span class='ocrx_word' id='word_1_48' title='bbox 1143 896 1232 962; x_wconf 87' lang='lat' dir='ltr'>illam</span> <span class='ocrx_word' id='word_1_49' title='bbox 1253 918 1295 963; x_wconf 85' lang='lat' dir='ltr'>ex</span> 
     </span>
     <span class='ocr_line' id='line_1_8' title="bbox 201 996 1294 1088; baseline 0.003 -27"><span class='ocrx_word' id='word_1_50' title='bbox 201 998 324 1063; x_wconf 75' lang='lat' dir='ltr'>cauneis</span> <span class='ocrx_word' id='word_1_51' title='bbox 360 997 403 1063; x_wconf 85' lang='lat' dir='ltr'>ab</span> <span class='ocrx_word' id='word_1_52' title='bbox 431 1007 559 1065; x_wconf 78' lang='lat' dir='ltr'>oratore</span> <span class='ocrx_word' id='word_1_53' title='bbox 591 996 698 1064; x_wconf 81' lang='lat' dir='ltr'>allatis</span> <span class='ocrx_word' id='word_1_54' title='bbox 732 1001 838 1085; x_wconf 81' lang='lat' dir='ltr'>magis</span> <span class='ocrx_word' id='word_1_55' title='bbox 867 1003 1096 1088; x_wconf 70' lang='lat' dir='ltr'>praeterimus,</span> <span class='ocrx_word' id='word_1_56' title='bbox 1127 1009 1185 1065; x_wconf 89' lang='lat' dir='ltr'>aut</span> <span class='ocrx_word' id='word_1_57' title='bbox 1219 998 1294 1076; x_wconf 80' lang='grc' dir='ltr'>δίκη</span> 
     </span>
     <span class='ocr_line' id='line_1_9' title="bbox 199 1092 1295 1192; baseline 0.002 -27"><span class='ocrx_word' id='word_1_58' title='bbox 199 1092 329 1184; x_wconf 71' lang='grc' dir='ltr'><strong><em>βλάβης</em></strong></span> <span class='ocrx_word' id='word_1_59' title='bbox 343 1109 401 1167; x_wconf 87' lang='lat' dir='ltr'>aut</span> <span class='ocrx_word' id='word_1_60' title='bbox 415 1102 491 1180; x_wconf 80' lang='grc' dir='ltr'>δίκη</span> <span class='ocrx_word' id='word_1_61' title='bbox 507 1103 617 1176; x_wconf 73' lang='grc' dir='ltr'><strong><em>αἰκίας</em></strong></span> <span class='ocrx_word' id='word_1_62' title='bbox 632 1100 848 1186; x_wconf 83' lang='lat' dir='ltr'>intellegenda</span> <span class='ocrx_word' id='word_1_63' title='bbox 861 1115 920 1170; x_wconf 81' lang='lat' dir='ltr'>eat</span> <span class='ocrx_word' id='word_1_64' title='bbox 964 1104 1041 1192; x_wconf 88' lang='lat' dir='ltr'>quid</span> <span class='ocrx_word' id='word_1_65' title='bbox 1057 1105 1156 1188; x_wconf 82' lang='lat' dir='ltr'>igitur</span> <span class='ocrx_word' id='word_1_66' title='bbox 1169 1104 1295 1182; x_wconf 85' lang='lat' dir='ltr'>mirum,</span> 
     </span>
     <span class='ocr_line' id='line_1_10' title="bbox 200 1204 1294 1292; baseline 0.005 -27"><span class='ocrx_word' id='word_1_67' title='bbox 200 1204 228 1266; x_wconf 85' lang='lat' dir='ltr'>ni</span> <span class='ocrx_word' id='word_1_68' title='bbox 258 1211 308 1268; x_wconf 82' lang='lat' dir='ltr'>eat</span> <span class='ocrx_word' id='word_1_69' title='bbox 334 1226 455 1289; x_wconf 86' lang='lat' dir='ltr'>magna</span> <span class='ocrx_word' id='word_1_70' title='bbox 482 1206 627 1269; x_wconf 81' lang='lat' dir='ltr'>uirorum</span> <span class='ocrx_word' id='word_1_71' title='bbox 666 1205 832 1273; x_wconf 84' lang='lat' dir='ltr'>doctorum</span> <span class='ocrx_word' id='word_1_72' title='bbox 864 1206 1082 1292; x_wconf 55' lang='lat' dir='ltr'>dissensum</span> <span class='ocrx_word' id='word_1_73' title='bbox 1139 1205 1294 1273; x_wconf 63' lang='lat' dir='ltr'>schanan</span> 
     </span>
     <span class='ocr_line' id='line_1_11' title="bbox 200 1301 1294 1395; baseline 0 -24"><span class='ocrx_word' id='word_1_74' title='bbox 200 1324 273 1393; x_wconf 73' lang='lat' dir='ltr'>pag.</span> <span class='ocrx_word' id='word_1_75' title='bbox 302 1306 367 1374; x_wconf 78' lang='lat'>298</span> <span class='ocrx_word' id='word_1_76' title='bbox 397 1315 430 1371; x_wconf 85' lang='lat' dir='ltr'>et</span> <span class='ocrx_word' id='word_1_77' title='bbox 459 1306 720 1395; x_wconf 80' lang='lat' dir='ltr'>Thoniasenua³)</span> <span class='ocrx_word' id='word_1_78' title='bbox 752 1309 847 1387; x_wconf 80' lang='grc' dir='ltr'><strong><em>δίκην</em></strong></span> <span class='ocrx_word' id='word_1_79' title='bbox 873 1301 1007 1393; x_wconf 77' lang='grc' dir='ltr'><strong><em>βλάβης</em></strong></span> <span class='ocrx_word' id='word_1_80' title='bbox 1039 1309 1138 1375; x_wconf 74' lang='lat' dir='ltr'>fuisse</span> <span class='ocrx_word' id='word_1_81' title='bbox 1173 1308 1294 1386; x_wconf 79' lang='lat' dir='ltr'>dieunt,</span> 
     </span>
     <span class='ocr_line' id='line_1_12' title="bbox 199 1408 1295 1496; baseline -0.002 -18"><span class='ocrx_word' id='word_1_82' title='bbox 199 1410 301 1478; x_wconf 71' lang='lat' dir='ltr'>unua</span> <span class='ocrx_word' id='word_1_83' title='bbox 310 1408 337 1496; x_wconf 85' lang='lat'>⁴)</span> <span class='ocrx_word' id='word_1_84' title='bbox 358 1420 392 1477; x_wconf 82' lang='lat' dir='ltr'>et</span> <span class='ocrx_word' id='word_1_85' title='bbox 411 1409 580 1496; x_wconf 56' lang='lat' dir='ltr'>Platean)</span> <span class='ocrx_word' id='word_1_86' title='bbox 602 1411 762 1496; x_wconf 81' lang='lat' dir='ltr'><strong>ambiguis</strong></span> <span class='ocrx_word' id='word_1_87' title='bbox 784 1414 922 1479; x_wconf 79' lang='lat' dir='ltr'>aratoria</span> <span class='ocrx_word' id='word_1_88' title='bbox 943 1412 1052 1479; x_wconf 78' lang='lat' dir='ltr'>uerbis</span> <span class='ocrx_word' id='word_1_89' title='bbox 1072 1412 1198 1479; x_wconf 71' lang='lat' dir='ltr'>inducti</span> <span class='ocrx_word' id='word_1_90' title='bbox 1213 1411 1295 1477; x_wconf 83' lang='lat' dir='ltr'>duaa</span> 
     </span>
     <span class='ocr_line' id='line_1_13' title="bbox 200 1510 1295 1606; baseline 0.002 -29"><span class='ocrx_word' id='word_1_91' title='bbox 200 1512 300 1579; x_wconf 82' lang='lat' dir='ltr'>fuiaae</span> <span class='ocrx_word' id='word_1_92' title='bbox 321 1513 467 1581; x_wconf 13' lang='lat' dir='ltr'>teutones</span> <span class='ocrx_word' id='word_1_93' title='bbox 488 1522 523 1578; x_wconf 91' lang='lat' dir='ltr'>et</span> <span class='ocrx_word' id='word_1_94' title='bbox 544 1512 640 1593; x_wconf 79' lang='grc' dir='ltr'><strong><em>δίκην</em></strong></span> <span class='ocrx_word' id='word_1_95' title='bbox 662 1515 773 1590; x_wconf 75' lang='grc' dir='ltr'><strong><em>αἰκίας</em></strong></span> <span class='ocrx_word' id='word_1_96' title='bbox 803 1523 836 1581; x_wconf 90' lang='lat' dir='ltr'>et</span> <span class='ocrx_word' id='word_1_97' title='bbox 855 1515 953 1606; x_wconf 78' lang='grc' dir='ltr'><strong><em>δίκην</em></strong></span> <span class='ocrx_word' id='word_1_98' title='bbox 972 1510 1105 1600; x_wconf 70' lang='grc' dir='ltr'><strong><em>βλάβης</em></strong></span> <span class='ocrx_word' id='word_1_99' title='bbox 1126 1536 1295 1603; x_wconf 80' lang='lat' dir='ltr'>perperam</span> 
     </span>
     <span class='ocr_line' id='line_1_14' title="bbox 201 1615 1295 1706; baseline 0.002 -26"><span class='ocrx_word' id='word_1_100' title='bbox 201 1624 364 1698; x_wconf 80' lang='lat' dir='ltr'>statuunt,</span> <span class='ocrx_word' id='word_1_101' title='bbox 392 1615 564 1681; x_wconf 78' lang='lat' dir='ltr'>Darestiua</span> <span class='ocrx_word' id='word_1_102' title='bbox 588 1615 724 1704; x_wconf 86' lang='lat' dir='ltr'>denique</span> <span class='ocrx_word' id='word_1_103' title='bbox 754 1636 828 1705; x_wconf 78' lang='lat' dir='ltr'>pag.</span> <span class='ocrx_word' id='word_1_104' title='bbox 858 1619 955 1706; x_wconf 77' lang='lat'>198⁶)</span> <span class='ocrx_word' id='word_1_105' title='bbox 988 1628 1112 1687; x_wconf 82' lang='lat' dir='ltr'>eertum</span> <span class='ocrx_word' id='word_1_106' title='bbox 1140 1618 1295 1687; x_wconf 81' lang='lat' dir='ltr'>iudicium</span> 
     </span>
     <span class='ocr_line' id='line_1_15' title="bbox 202 1717 1297 1810; baseline 0.007 -29"><span class='ocrx_word' id='word_1_107' title='bbox 202 1717 309 1784; x_wconf 84' lang='lat' dir='ltr'>fauere</span> <span class='ocrx_word' id='word_1_108' title='bbox 324 1740 389 1783; x_wconf 90' lang='lat' dir='ltr'>non</span> <span class='ocrx_word' id='word_1_109' title='bbox 404 1720 513 1799; x_wconf 88' lang='lat' dir='ltr'>audet,</span> <span class='ocrx_word' id='word_1_110' title='bbox 532 1727 606 1784; x_wconf 87' lang='lat' dir='ltr'>utra</span> <span class='ocrx_word' id='word_1_111' title='bbox 622 1721 664 1785; x_wconf 87' lang='lat' dir='ltr'>ait</span> <span class='ocrx_word' id='word_1_112' title='bbox 678 1721 892 1806; x_wconf 80' lang='lat' dir='ltr'>praeferenda</span> <span class='ocrx_word' id='word_1_113' title='bbox 906 1723 1000 1788; x_wconf 85' lang='lat' dir='ltr'>aetio.</span> <span class='ocrx_word' id='word_1_114' title='bbox 1043 1723 1130 1809; x_wconf 86' lang='lat' dir='ltr'>quud</span> <span class='ocrx_word' id='word_1_115' title='bbox 1146 1724 1173 1789; x_wconf 84' lang='lat' dir='ltr'>si</span> <span class='ocrx_word' id='word_1_116' title='bbox 1188 1722 1297 1810; x_wconf 81' lang='lat' dir='ltr'>aliqua</span> 
     </span>
     <span class='ocr_line' id='line_1_16' title="bbox 202 1821 1296 1910; baseline 0.002 -23"><span class='ocrx_word' id='word_1_117' title='bbox 202 1824 339 1889; x_wconf 74' lang='lat' dir='ltr'>oratoria</span> <span class='ocrx_word' id='word_1_118' title='bbox 368 1821 478 1891; x_wconf 78' lang='lat' dir='ltr'>ueubia</span> <span class='ocrx_word' id='word_1_119' title='bbox 506 1822 587 1887; x_wconf 79' lang='lat' dir='ltr'>fides</span> <span class='ocrx_word' id='word_1_120' title='bbox 614 1823 767 1889; x_wconf 85' lang='lat' dir='ltr'>habenda</span> <span class='ocrx_word' id='word_1_121' title='bbox 795 1834 861 1907; x_wconf 83' lang='lat' dir='ltr'>est,</span> <span class='ocrx_word' id='word_1_122' title='bbox 891 1826 986 1904; x_wconf 77' lang='grc' dir='ltr'><strong><em>δίκην</em></strong></span> <span class='ocrx_word' id='word_1_123' title='bbox 1014 1828 1126 1902; x_wconf 75' lang='grc' dir='ltr'><strong><em>αἰκίας</em></strong></span> <span class='ocrx_word' id='word_1_124' title='bbox 1153 1824 1296 1910; x_wconf 70' lang='lat' dir='ltr'>intellegi</span> 
     </span>
     <span class='ocr_line' id='line_1_17' title="bbox 201 1922 1296 2015; baseline 0.002 -24"><span class='ocrx_word' id='word_1_125' title='bbox 201 1934 353 2011; x_wconf 73' lang='lat' dir='ltr'>praestat.</span> <span class='ocrx_word' id='word_1_126' title='bbox 404 1927 524 1993; x_wconf 82' lang='lat' dir='ltr'>etenim</span> <span class='ocrx_word' id='word_1_127' title='bbox 553 1926 606 1990; x_wconf 80' lang='lat' dir='ltr'>fac</span> <span class='ocrx_word' id='word_1_128' title='bbox 633 1927 729 2006; x_wconf 78' lang='grc' dir='ltr'><strong><em>δίκην</em></strong></span> <span class='ocrx_word' id='word_1_129' title='bbox 755 1922 888 2013; x_wconf 76' lang='grc' dir='ltr'><strong><em>βλάβης</em></strong></span> <span class='ocrx_word' id='word_1_130' title='bbox 914 1930 1073 1995; x_wconf 85' lang='lat' dir='ltr'>intentam</span> <span class='ocrx_word' id='word_1_131' title='bbox 1102 1951 1188 2011; x_wconf 77' lang='lat' dir='ltr'>enee,</span> <span class='ocrx_word' id='word_1_132' title='bbox 1217 1928 1296 2015; x_wconf 88' lang='lat' dir='ltr'>quid</span> 
     </span>
     <span class='ocr_line' id='line_1_18' title="bbox 201 2029 1297 2118; baseline 0.002 -24"><span class='ocrx_word' id='word_1_133' title='bbox 201 2029 390 2095; x_wconf 77' lang='lat' dir='ltr'>uerberibus</span> <span class='ocrx_word' id='word_1_134' title='bbox 425 2030 675 2097; x_wconf 80' lang='lat' dir='ltr'>Parmenontem</span> <span class='ocrx_word' id='word_1_135' title='bbox 707 2032 822 2095; x_wconf 86' lang='lat' dir='ltr'>itinere</span> <span class='ocrx_word' id='word_1_136' title='bbox 853 2029 1051 2118; x_wconf 82' lang='lat' dir='ltr'>prohibitum</span> <span class='ocrx_word' id='word_1_137' title='bbox 1084 2053 1156 2097; x_wconf 78' lang='lat' dir='ltr'>esee</span> <span class='ocrx_word' id='word_1_138' title='bbox 1188 2040 1297 2096; x_wconf 83' lang='lat' dir='ltr'>orator</span> 
     </span>
     <span class='ocr_line' id='line_1_19' title="bbox 201 2122 1295 2218; baseline 0.002 -23"><span class='ocrx_word' id='word_1_139' title='bbox 201 2132 248 2199; x_wconf 77' lang='lat' dir='ltr'>ita</span> <span class='ocrx_word' id='word_1_140' title='bbox 269 2134 395 2218; x_wconf 72' lang='lat' dir='ltr'>premit,</span> <span class='ocrx_word' id='word_1_141' title='bbox 428 2143 464 2197; x_wconf 90' lang='lat' dir='ltr'>ut</span> <span class='ocrx_word' id='word_1_142' title='bbox 485 2133 573 2199; x_wconf 78' lang='lat' dir='ltr'>dicat</span> <span class='ocrx_word' id='word_1_143' title='bbox 602 2122 731 2198; x_wconf 72' lang='grc' dir='ltr'><strong><em>τῶατε</em></strong></span> <span class='ocrx_word' id='word_1_144' title='bbox 756 2133 892 2218; x_wconf 70' lang='grc' dir='ltr'><strong><em>πληγῶν</em></strong></span> <span class='ocrx_word' id='word_1_145' title='bbox 920 2134 993 2199; x_wconf 78' lang='grc' dir='ltr'>καὶ</span> <span class='ocrx_word' id='word_1_146' title='bbox 1023 2135 1078 2199; x_wconf 77' lang='grc' dir='ltr'>ὅτι</span> <span class='ocrx_word' id='word_1_147' title='bbox 1106 2135 1186 2202; x_wconf 73' lang='lat' dir='ltr'>nt?</span> <span class='ocrx_word' id='word_1_148' title='bbox 1219 2155 1295 2197; x_wconf 76' lang='lat' dir='ltr'>naui</span> 
     </span>
     <span class='ocr_line' id='line_1_20' title="bbox 202 2235 1295 2320; baseline 0 -19"><span class='ocrx_word' id='word_1_149' title='bbox 202 2237 271 2302; x_wconf 86' lang='lat' dir='ltr'>aiue</span> <span class='ocrx_word' id='word_1_150' title='bbox 292 2236 483 2301; x_wconf 83' lang='lat' dir='ltr'>uerberibus</span> <span class='ocrx_word' id='word_1_151' title='bbox 499 2237 568 2301; x_wconf 82' lang='lat' dir='ltr'>siue</span> <span class='ocrx_word' id='word_1_152' title='bbox 589 2235 655 2301; x_wconf 85' lang='lat' dir='ltr'>alia</span> <span class='ocrx_word' id='word_1_153' title='bbox 674 2259 711 2300; x_wconf 88' lang='lat' dir='ltr'>re</span> <span class='ocrx_word' id='word_1_154' title='bbox 724 2235 908 2302; x_wconf 78' lang='lat' dir='ltr'>retardatus</span> <span class='ocrx_word' id='word_1_155' title='bbox 924 2245 1003 2320; x_wconf 86' lang='lat' dir='ltr'>erat,</span> <span class='ocrx_word' id='word_1_156' title='bbox 1023 2236 1089 2302; x_wconf 82' lang='lat' dir='ltr'>litia</span> <span class='ocrx_word' id='word_1_157' title='bbox 1104 2238 1295 2320; x_wconf 73' lang='lat' dir='ltr'>aestimatio,</span> 
     </span>
    </p>
   </div>
   <div class='ocr_carea' id='block_1_3' title="bbox 200 2337 1297 2425">
    <p class='ocr_par' dir='ltr' id='par_1_4' title="bbox 200 2337 1297 2425">
     <span class='ocr_line' id='line_1_21' title="bbox 200 2337 1297 2425; baseline 0.003 -21"><span class='ocrx_word' id='word_1_158' title='bbox 200 2339 287 2424; x_wconf 86' lang='lat' dir='ltr'>quud</span> <span class='ocrx_word' id='word_1_159' title='bbox 309 2338 428 2407; x_wconf 74' lang='lat' dir='ltr'>Graeci</span> <span class='ocrx_word' id='word_1_160' title='bbox 449 2341 579 2425; x_wconf 83' lang='grc' dir='ltr'><strong><em>τίμημα</em></strong></span> <span class='ocrx_word' id='word_1_161' title='bbox 602 2337 729 2423; x_wconf 82' lang='lat' dir='ltr'>dicunt,</span> <span class='ocrx_word' id='word_1_162' title='bbox 756 2339 870 2407; x_wconf 85' lang='lat' dir='ltr'>eadem</span> <span class='ocrx_word' id='word_1_163' title='bbox 891 2350 977 2422; x_wconf 83' lang='lat' dir='ltr'>erat,</span> <span class='ocrx_word' id='word_1_164' title='bbox 1008 2339 1188 2407; x_wconf 81' lang='lat' dir='ltr'>cumidem</span> <span class='ocrx_word' id='word_1_165' title='bbox 1211 2349 1297 2407; x_wconf 81' lang='lat' dir='ltr'>eaaet</span> 
     </span>
    </p>
   </div>
   <div class='ocr_carea' id='block_1_4' title="bbox 202 2488 408 2501">
    <p class='ocr_par' dir='ltr' id='par_1_5' title="bbox 202 2488 408 2501">
     <span class='ocr_line' id='line_1_22' title="bbox 202 2488 408 2501; baseline 0.01 -5"><span class='ocrx_word' id='word_1_166' title='bbox 202 2488 408 2501; x_wconf 41' lang='lat' dir='ltr'>mu..</span> 
     </span>
    </p>
   </div>
   <div class='ocr_carea' id='block_1_5' title="bbox 195 2561 1296 4288">
    <p class='ocr_par' dir='ltr' id='par_1_6' title="bbox 199 2561 1296 2895">
     <span class='ocr_line' id='line_1_23' title="bbox 270 2561 1296 2636; baseline 0.001 -20"><span class='ocrx_word' id='word_1_167' title='bbox 270 2568 296 2633; x_wconf 77' lang='lat'>1)</span> <span class='ocrx_word' id='word_1_168' title='bbox 314 2566 385 2633; x_wconf 61' lang='lat' dir='ltr'>§lut</span> <span class='ocrx_word' id='word_1_169' title='bbox 417 2568 594 2628; x_wconf 72' lang='grc' dir='ltr'><strong><em>ἐνεστηκυίας</em></strong></span> <span class='ocrx_word' id='word_1_170' title='bbox 605 2568 653 2629; x_wconf 67' lang='grc' dir='ltr'>τῆς</span> <span class='ocrx_word' id='word_1_171' title='bbox 665 2561 756 2630; x_wconf 67' lang='lat' dir='ltr'>iane:</span> <span class='ocrx_word' id='word_1_172' title='bbox 770 2564 842 2620; x_wconf 80' lang='lat' dir='ltr'>falae</span> <span class='ocrx_word' id='word_1_173' title='bbox 856 2565 940 2636; x_wconf 75' lang='lat' dir='ltr'>igitur</span> <span class='ocrx_word' id='word_1_174' title='bbox 950 2564 1059 2619; x_wconf 79' lang='lat' dir='ltr'>iudicat</span> <span class='ocrx_word' id='word_1_175' title='bbox 1069 2563 1213 2619; x_wconf 82' lang='lat' dir='ltr'>Juhanuea</span> <span class='ocrx_word' id='word_1_176' title='bbox 1224 2561 1296 2617; x_wconf 77' lang='lat' dir='ltr'>Her·</span> 
     </span>
     <span class='ocr_line' id='line_1_24' title="bbox 200 2650 1295 2722; baseline 0.001 -18"><span class='ocrx_word' id='word_1_177' title='bbox 200 2666 317 2707; x_wconf 80' lang='lat' dir='ltr'>mannus</span> <span class='ocrx_word' id='word_1_178' title='bbox 335 2666 402 2722; x_wconf 78' lang='lat' dir='ltr'>pag.</span> <span class='ocrx_word' id='word_1_179' title='bbox 419 2650 450 2716; x_wconf 90' lang='lat'>8,</span> <span class='ocrx_word' id='word_1_180' title='bbox 474 2650 523 2722; x_wconf 89' lang='lat' dir='ltr'>qui</span> <span class='ocrx_word' id='word_1_181' title='bbox 541 2650 659 2705; x_wconf 88' lang='lat' dir='ltr'>dubium</span> <span class='ocrx_word' id='word_1_182' title='bbox 681 2667 743 2705; x_wconf 79' lang='lat' dir='ltr'>ease</span> <span class='ocrx_word' id='word_1_183' title='bbox 762 2651 843 2721; x_wconf 81' lang='lat' dir='ltr'>dicit,</span> <span class='ocrx_word' id='word_1_184' title='bbox 867 2668 989 2707; x_wconf 87' lang='lat' dir='ltr'>unamne</span> <span class='ocrx_word' id='word_1_185' title='bbox 1011 2667 1049 2706; x_wconf 87' lang='lat' dir='ltr'>an</span> <span class='ocrx_word' id='word_1_186' title='bbox 1073 2651 1143 2707; x_wconf 82' lang='lat' dir='ltr'>duaa</span> <span class='ocrx_word' id='word_1_187' title='bbox 1169 2650 1295 2705; x_wconf 81' lang='lat' dir='ltr'>aetieuea</span> 
     </span>
     <span class='ocr_line' id='line_1_25' title="bbox 199 2737 1294 2811; baseline -0.001 -19"><span class='ocrx_word' id='word_1_188' title='bbox 199 2737 361 2792; x_wconf 87' lang='lat' dir='ltr'>Parmenou</span> <span class='ocrx_word' id='word_1_189' title='bbox 388 2739 526 2809; x_wconf 79' lang='lat' dir='ltr'>Apaturio</span> <span class='ocrx_word' id='word_1_190' title='bbox 550 2738 712 2792; x_wconf 82' lang='lat' dir='ltr'>intenderit.</span> <span class='ocrx_word' id='word_1_191' title='bbox 746 2737 784 2795; x_wconf 82' lang='lat' dir='ltr'>ef.</span> <span class='ocrx_word' id='word_1_192' title='bbox 809 2740 842 2794; x_wconf 86' lang='grc' dir='ltr'>Δ.</span> <span class='ocrx_word' id='word_1_193' title='bbox 866 2738 1002 2794; x_wconf 78' lang='lat' dir='ltr'>Schaefer</span> <span class='ocrx_word' id='word_1_194' title='bbox 1024 2755 1091 2811; x_wconf 78' lang='lat' dir='ltr'>pag.</span> <span class='ocrx_word' id='word_1_195' title='bbox 1113 2738 1165 2794; x_wconf 80' lang='lat'>299</span> <span class='ocrx_word' id='word_1_196' title='bbox 1187 2742 1243 2792; x_wconf 86' lang='lat' dir='ltr'>not</span> <span class='ocrx_word' id='word_1_197' title='bbox 1267 2738 1294 2804; x_wconf 76' lang='lat'>2,</span> 
     </span>
     <span class='ocr_line' id='line_1_26' title="bbox 199 2822 1154 2895; baseline -0.002 -16"><span class='ocrx_word' id='word_1_198' title='bbox 199 2822 310 2879; x_wconf 83' lang='lat' dir='ltr'>Dareat.</span> <span class='ocrx_word' id='word_1_199' title='bbox 329 2841 394 2894; x_wconf 85' lang='lat' dir='ltr'>pag.</span> <span class='ocrx_word' id='word_1_200' title='bbox 414 2823 478 2878; x_wconf 83' lang='lat'>198:</span> <span class='ocrx_word' id='word_1_201' title='bbox 497 2824 519 2876; x_wconf 89' lang='lat' dir='ltr'>il</span> <span class='ocrx_word' id='word_1_202' title='bbox 534 2824 581 2894; x_wconf 86' lang='lat' dir='ltr'>n’y</span> <span class='ocrx_word' id='word_1_203' title='bbox 598 2824 677 2878; x_wconf 85' lang='lat' dir='ltr'>avait</span> <span class='ocrx_word' id='word_1_204' title='bbox 694 2823 794 2895; x_wconf 87' lang='lat' dir='ltr'>qu‘une</span> <span class='ocrx_word' id='word_1_205' title='bbox 813 2825 889 2879; x_wconf 76' lang='lat' dir='ltr'>seule</span> <span class='ocrx_word' id='word_1_206' title='bbox 907 2825 1003 2879; x_wconf 85' lang='lat' dir='ltr'>aetion</span> <span class='ocrx_word' id='word_1_207' title='bbox 1021 2824 1154 2880; x_wconf 65' lang='lat' dir='ltr'>intentae.</span> 
     </span>
    </p>

    <p class='ocr_par' dir='ltr' id='par_1_7' title="bbox 199 2908 1295 3156">
     <span class='ocr_line' id='line_1_27' title="bbox 270 2908 1295 2982; baseline -0.004 -17"><span class='ocrx_word' id='word_1_208' title='bbox 270 2913 300 2982; x_wconf 79' lang='lat'>2)</span> <span class='ocrx_word' id='word_1_209' title='bbox 317 2910 423 2965; x_wconf 88' lang='lat' dir='ltr'>Libani</span> <span class='ocrx_word' id='word_1_210' title='bbox 440 2910 471 2964; x_wconf 88' lang='lat' dir='ltr'>in</span> <span class='ocrx_word' id='word_1_211' title='bbox 490 2915 655 2981; x_wconf 79' lang='lat' dir='ltr'>argumento</span> <span class='ocrx_word' id='word_1_212' title='bbox 673 2911 763 2965; x_wconf 80' lang='lat' dir='ltr'>uerba</span> <span class='ocrx_word' id='word_1_213' title='bbox 786 2909 886 2964; x_wconf 74' lang='grc' dir='ltr'><strong><em>ἐδίωκε</em></strong></span> <span class='ocrx_word' id='word_1_214' title='bbox 910 2908 962 2964; x_wconf 72' lang='lat' dir='ltr'>w&#39;v</span> <span class='ocrx_word' id='word_1_215' title='bbox 971 2910 1162 2981; x_wconf 78' lang='grc' dir='ltr'><strong><em>Ἀπατούριον</em></strong></span> <span class='ocrx_word' id='word_1_216' title='bbox 1180 2908 1295 2982; x_wconf 78' lang='grc' dir='ltr'><strong><em>πληγῶν</em></strong></span> 
     </span>
     <span class='ocr_line' id='line_1_28' title="bbox 199 2994 1293 3066; baseline 0 -16"><span class='ocrx_word' id='word_1_217' title='bbox 199 3018 231 3051; x_wconf 74' lang='grc' dir='ltr'>τε</span> <span class='ocrx_word' id='word_1_218' title='bbox 249 3004 297 3051; x_wconf 78' lang='grc' dir='ltr'><strong><em>καί</em></strong></span> <span class='ocrx_word' id='word_1_219' title='bbox 314 2996 422 3066; x_wconf 67' lang='grc' dir='ltr'><strong><em>βλάβης</em></strong></span> <span class='ocrx_word' id='word_1_220' title='bbox 439 2995 521 3050; x_wconf 84' lang='lat' dir='ltr'>nihili</span> <span class='ocrx_word' id='word_1_221' title='bbox 538 2994 675 3051; x_wconf 82' lang='lat' dir='ltr'>faniunda</span> <span class='ocrx_word' id='word_1_222' title='bbox 692 3004 772 3053; x_wconf 89' lang='lat' dir='ltr'>aunt:</span> <span class='ocrx_word' id='word_1_223' title='bbox 796 3000 821 3053; x_wconf 84' lang='lat' dir='ltr'>ia</span> <span class='ocrx_word' id='word_1_224' title='bbox 839 2996 913 3052; x_wconf 83' lang='lat' dir='ltr'>enim</span> <span class='ocrx_word' id='word_1_225' title='bbox 937 2998 1057 3052; x_wconf 75' lang='lat' dir='ltr'>oraturia</span> <span class='ocrx_word' id='word_1_226' title='bbox 1078 2994 1167 3051; x_wconf 81' lang='lat' dir='ltr'>uerba</span> <span class='ocrx_word' id='word_1_227' title='bbox 1186 3011 1237 3050; x_wconf 84' lang='lat' dir='ltr'>auo</span> <span class='ocrx_word' id='word_1_228' title='bbox 1252 2994 1293 3050; x_wconf 92' lang='lat' dir='ltr'>iu·</span> 
     </span>
     <span class='ocr_line' id='line_1_29' title="bbox 200 3082 676 3156; baseline 0.002 -17"><span class='ocrx_word' id='word_1_229' title='bbox 200 3084 275 3139; x_wconf 82' lang='lat' dir='ltr'>dieie</span> <span class='ocrx_word' id='word_1_230' title='bbox 294 3101 352 3139; x_wconf 89' lang='lat' dir='ltr'>nen</span> <span class='ocrx_word' id='word_1_231' title='bbox 369 3082 535 3156; x_wconf 77' lang='lat' dir='ltr'>interpositu</span> <span class='ocrx_word' id='word_1_232' title='bbox 554 3084 676 3153; x_wconf 86' lang='lat' dir='ltr'>repetiit.</span> 
     </span>
    </p>

    <p class='ocr_par' dir='ltr' id='par_1_8' title="bbox 200 3168 1294 3331">
     <span class='ocr_line' id='line_1_30' title="bbox 267 3168 1294 3243; baseline -0.003 -15"><span class='ocrx_word' id='word_1_233' title='bbox 267 3173 297 3243; x_wconf 79' lang='lat'>3)</span> <span class='ocrx_word' id='word_1_234' title='bbox 314 3172 333 3225; x_wconf 92' lang='lat' dir='ltr'>l.</span> <span class='ocrx_word' id='word_1_235' title='bbox 347 3171 381 3228; x_wconf 87' lang='lat' dir='ltr'>el.</span> <span class='ocrx_word' id='word_1_236' title='bbox 399 3187 466 3243; x_wconf 82' lang='lat' dir='ltr'>pag.</span> <span class='ocrx_word' id='word_1_237' title='bbox 478 3172 538 3227; x_wconf 76' lang='lat'><strong>277.</strong></span> <span class='ocrx_word' id='word_1_238' title='bbox 574 3170 735 3226; x_wconf 84' lang='lat' dir='ltr'>Parmeuen</span> <span class='ocrx_word' id='word_1_239' title='bbox 747 3187 783 3226; x_wconf 87' lang='lat' dir='ltr'>en</span> <span class='ocrx_word' id='word_1_240' title='bbox 802 3168 894 3242; x_wconf 76' lang='grc' dir='ltr'>(δίκην</span> <span class='ocrx_word' id='word_1_241' title='bbox 907 3170 1023 3241; x_wconf 71' lang='grc' dir='ltr'><strong><em>βλάβης)</em></strong></span> <span class='ocrx_word' id='word_1_242' title='bbox 1035 3168 1068 3223; x_wconf 84' lang='lat' dir='ltr'>fit</span> <span class='ocrx_word' id='word_1_243' title='bbox 1085 3172 1186 3223; x_wconf 82' lang='lat' dir='ltr'>autaut</span> <span class='ocrx_word' id='word_1_244' title='bbox 1195 3172 1294 3225; x_wconf 77' lang='lat' dir='ltr'>eontra</span> 
     </span>
     <span class='ocr_line' id='line_1_31' title="bbox 200 3255 1293 3331; baseline -0.004 -19"><span class='ocrx_word' id='word_1_245' title='bbox 200 3259 361 3330; x_wconf 78' lang='lat' dir='ltr'>Apaturios‚</span> <span class='ocrx_word' id='word_1_246' title='bbox 380 3261 428 3330; x_wconf 88' lang='lat' dir='ltr'>qui</span> <span class='ocrx_word' id='word_1_247' title='bbox 446 3258 542 3313; x_wconf 80' lang='lat' dir='ltr'>l’avait</span> <span class='ocrx_word' id='word_1_248' title='bbox 560 3255 694 3331; x_wconf 73' lang='lat' dir='ltr'>empeche</span> <span class='ocrx_word' id='word_1_249' title='bbox 715 3257 750 3311; x_wconf 90' lang='lat' dir='ltr'>de</span> <span class='ocrx_word' id='word_1_250' title='bbox 769 3256 841 3313; x_wconf 86' lang='lat' dir='ltr'>faire</span> <span class='ocrx_word' id='word_1_251' title='bbox 854 3275 893 3314; x_wconf 90' lang='lat' dir='ltr'>un</span> <span class='ocrx_word' id='word_1_252' title='bbox 910 3256 1029 3315; x_wconf 74' lang='lat' dir='ltr'>lucratis</span> <span class='ocrx_word' id='word_1_253' title='bbox 1043 3271 1154 3327; x_wconf 82' lang='lat' dir='ltr'>voyage</span> <span class='ocrx_word' id='word_1_254' title='bbox 1174 3255 1209 3310; x_wconf 87' lang='lat' dir='ltr'>de</span> <span class='ocrx_word' id='word_1_255' title='bbox 1226 3270 1293 3309; x_wconf 88' lang='lat' dir='ltr'>mer.</span> 
     </span>
    </p>

    <p class='ocr_par' dir='ltr' id='par_1_9' title="bbox 200 3339 1293 3764">
     <span class='ocr_line' id='line_1_32' title="bbox 270 3339 1293 3417; baseline -0.007 -16"><span class='ocrx_word' id='word_1_256' title='bbox 270 3348 298 3416; x_wconf 85' lang='lat'>4)</span> <span class='ocrx_word' id='word_1_257' title='bbox 316 3346 352 3401; x_wconf 83' lang='lat' dir='ltr'>ef.</span> <span class='ocrx_word' id='word_1_258' title='bbox 375 3347 428 3401; x_wconf 90' lang='lat' dir='ltr'>litt.</span> <span class='ocrx_word' id='word_1_259' title='bbox 448 3345 507 3400; x_wconf 82' lang='lat' dir='ltr'>Att.</span> <span class='ocrx_word' id='word_1_260' title='bbox 526 3361 592 3417; x_wconf 85' lang='lat' dir='ltr'>pag.</span> <span class='ocrx_word' id='word_1_261' title='bbox 611 3344 671 3400; x_wconf 78' lang='lat'><strong>550.</strong></span> <span class='ocrx_word' id='word_1_262' title='bbox 707 3343 843 3399; x_wconf 80' lang='lat' dir='ltr'>hiernach</span> <span class='ocrx_word' id='word_1_263' title='bbox 867 3345 938 3400; x_wconf 79' lang='lat' dir='ltr'>wind</span> <span class='ocrx_word' id='word_1_264' title='bbox 962 3361 1028 3399; x_wconf 86' lang='lat' dir='ltr'>man</span> <span class='ocrx_word' id='word_1_265' title='bbox 1052 3344 1132 3398; x_wconf 82' lang='lat' dir='ltr'>nieht</span> <span class='ocrx_word' id='word_1_266' title='bbox 1155 3339 1293 3411; x_wconf 80' lang='lat' dir='ltr'>zweifelu,</span> 
     </span>
     <span class='ocr_line' id='line_1_33' title="bbox 201 3417 1293 3504; baseline -0.006 -18"><span class='ocrx_word' id='word_1_267' title='bbox 201 3433 279 3501; x_wconf 81' lang='lat' dir='ltr'>dana,</span> <span class='ocrx_word' id='word_1_268' title='bbox 306 3449 387 3488; x_wconf 87' lang='lat' dir='ltr'>wenn</span> <span class='ocrx_word' id='word_1_269' title='bbox 416 3432 577 3487; x_wconf 75' lang='lat' dir='ltr'>Parmenen</span> <span class='ocrx_word' id='word_1_270' title='bbox 603 3430 658 3485; x_wconf 86' lang='lat' dir='ltr'>den</span> <span class='ocrx_word' id='word_1_271' title='bbox 682 3430 837 3501; x_wconf 80' lang='lat' dir='ltr'>Apaturius</span> <span class='ocrx_word' id='word_1_272' title='bbox 863 3432 995 3504; x_wconf 83' lang='lat' dir='ltr'>verklagt</span> <span class='ocrx_word' id='word_1_273' title='bbox 1024 3438 1084 3485; x_wconf 77' lang='grc' dir='ltr'>τῶν</span> <span class='ocrx_word' id='word_1_274' title='bbox 1110 3427 1225 3500; x_wconf 74' lang='grc' dir='ltr'><strong><em>πληγῶν</em></strong></span> <span class='ocrx_word' id='word_1_275' title='bbox 1250 3417 1293 3480; x_wconf 75' lang='grc' dir='ltr'>ὦν</span> 
     </span>
     <span class='ocr_line' id='line_1_34' title="bbox 200 3515 1292 3596; baseline -0.002 -25"><span class='ocrx_word' id='word_1_276' title='bbox 200 3519 302 3589; x_wconf 73' lang='grc' dir='ltr'><strong><em>ἔλαβεν</em></strong></span> <span class='ocrx_word' id='word_1_277' title='bbox 319 3517 375 3575; x_wconf 68' lang='lat' dir='ltr'>ini</span> <span class='ocrx_word' id='word_1_278' title='bbox 394 3519 510 3580; x_wconf 76' lang='grc' dir='ltr'><strong><em>τούτου,</em></strong></span> <span class='ocrx_word' id='word_1_279' title='bbox 541 3518 601 3573; x_wconf 79' lang='lat' dir='ltr'>dien</span> <span class='ocrx_word' id='word_1_280' title='bbox 618 3535 672 3572; x_wconf 86' lang='lat' dir='ltr'>nur</span> <span class='ocrx_word' id='word_1_281' title='bbox 695 3519 725 3572; x_wconf 89' lang='lat' dir='ltr'>in</span> <span class='ocrx_word' id='word_1_282' title='bbox 743 3519 923 3593; x_wconf 73' lang='lat' dir='ltr'>eineikluge</span> <span class='ocrx_word' id='word_1_283' title='bbox 949 3521 1041 3596; x_wconf 65' lang='grc' dir='ltr'><strong><em>αἰαίας</em></strong></span> <span class='ocrx_word' id='word_1_284' title='bbox 1064 3516 1225 3590; x_wconf 77' lang='lat' dir='ltr'>geneheben</span> <span class='ocrx_word' id='word_1_285' title='bbox 1242 3515 1292 3582; x_wconf 82' lang='lat' dir='ltr'>aei,</span> 
     </span>
     <span class='ocr_line' id='line_1_35' title="bbox 203 3601 1293 3679; baseline -0.004 -18"><span class='ocrx_word' id='word_1_286' title='bbox 203 3612 231 3661; x_wconf 87' lang='lat' dir='ltr'>et</span> <span class='ocrx_word' id='word_1_287' title='bbox 241 3623 309 3679; x_wconf 86' lang='lat' dir='ltr'>pag.</span> <span class='ocrx_word' id='word_1_288' title='bbox 321 3610 382 3675; x_wconf 77' lang='lat'><strong>479,</strong></span> <span class='ocrx_word' id='word_1_289' title='bbox 399 3607 559 3663; x_wconf 84' lang='lat' dir='ltr'>Parmenon</span> <span class='ocrx_word' id='word_1_290' title='bbox 572 3604 671 3676; x_wconf 82' lang='lat' dir='ltr'>klagte</span> <span class='ocrx_word' id='word_1_291' title='bbox 683 3622 776 3677; x_wconf 86' lang='lat' dir='ltr'>gegeu</span> <span class='ocrx_word' id='word_1_292' title='bbox 788 3608 945 3679; x_wconf 76' lang='lat' dir='ltr'>Apaturius</span> <span class='ocrx_word' id='word_1_293' title='bbox 957 3605 1071 3675; x_wconf 72' lang='grc' dir='ltr'><strong><em>βλάβης,</em></strong></span> <span class='ocrx_word' id='word_1_294' title='bbox 1084 3604 1147 3660; x_wconf 81' lang='lat' dir='ltr'>weil</span> <span class='ocrx_word' id='word_1_295' title='bbox 1160 3620 1191 3658; x_wconf 86' lang='lat' dir='ltr'>er</span> <span class='ocrx_word' id='word_1_296' title='bbox 1203 3601 1293 3658; x_wconf 79' lang='lat' dir='ltr'>durch</span> 
     </span>
     <span class='ocr_line' id='line_1_36' title="bbox 203 3691 1186 3764; baseline -0.001 -18"><span class='ocrx_word' id='word_1_297' title='bbox 203 3693 252 3748; x_wconf 88' lang='lat' dir='ltr'>ihu</span> <span class='ocrx_word' id='word_1_298' title='bbox 270 3710 307 3748; x_wconf 84' lang='lat' dir='ltr'>an</span> <span class='ocrx_word' id='word_1_299' title='bbox 325 3694 402 3748; x_wconf 86' lang='lat' dir='ltr'>einer</span> <span class='ocrx_word' id='word_1_300' title='bbox 420 3695 577 3748; x_wconf 82' lang='lat' dir='ltr'>lucrativen</span> <span class='ocrx_word' id='word_1_301' title='bbox 595 3692 720 3747; x_wconf 80' lang='lat' dir='ltr'>aeefahrt</span> <span class='ocrx_word' id='word_1_302' title='bbox 737 3693 887 3764; x_wconf 84' lang='lat' dir='ltr'>gehindert</span> <span class='ocrx_word' id='word_1_303' title='bbox 903 3693 1019 3749; x_wconf 82' lang='lat' dir='ltr'>werden</span> <span class='ocrx_word' id='word_1_304' title='bbox 1035 3691 1085 3746; x_wconf 84' lang='lat' dir='ltr'>aei.</span> <span class='ocrx_word' id='word_1_305' title='bbox 1183 3756 1186 3764; x_wconf 30' lang='grc' dir='ltr'>Ι</span> 
     </span>
    </p>

    <p class='ocr_par' dir='ltr' id='par_1_10' title="bbox 195 3776 1292 4200">
     <span class='ocr_line' id='line_1_37' title="bbox 269 3776 1292 3851; baseline -0.004 -15"><span class='ocrx_word' id='word_1_306' title='bbox 269 3781 299 3851; x_wconf 71' lang='grc' dir='ltr'>ὁ)</span> <span class='ocrx_word' id='word_1_307' title='bbox 316 3780 352 3835; x_wconf 81' lang='lat' dir='ltr'>ni.</span> <span class='ocrx_word' id='word_1_308' title='bbox 366 3780 405 3837; x_wconf 86' lang='lat'>11.</span> <span class='ocrx_word' id='word_1_309' title='bbox 423 3797 490 3850; x_wconf 81' lang='lat' dir='ltr'>pag.</span> <span class='ocrx_word' id='word_1_310' title='bbox 509 3781 568 3836; x_wconf 82' lang='grc'><strong>198.</strong></span> <span class='ocrx_word' id='word_1_311' title='bbox 599 3779 661 3833; x_wconf 83' lang='lat' dir='ltr'>eine</span> <span class='ocrx_word' id='word_1_312' title='bbox 675 3779 761 3850; x_wconf 81' lang='lat' dir='ltr'>klage</span> <span class='ocrx_word' id='word_1_313' title='bbox 779 3781 870 3836; x_wconf 68' lang='lat' dir='ltr'>atalae</span> <span class='ocrx_word' id='word_1_314' title='bbox 888 3779 926 3834; x_wconf 81' lang='lat' dir='ltr'>iat</span> <span class='ocrx_word' id='word_1_315' title='bbox 944 3776 1142 3833; x_wconf 76' lang='lat' dir='ltr'>unbeaueifelt</span> <span class='ocrx_word' id='word_1_316' title='bbox 1159 3776 1218 3842; x_wconf 85' lang='lat' dir='ltr'>die,</span> <span class='ocrx_word' id='word_1_317' title='bbox 1236 3794 1292 3832; x_wconf 85' lang='lat' dir='ltr'>we·</span> 
     </span>
     <span class='ocr_line' id='line_1_38' title="bbox 195 3863 1292 3938; baseline -0.005 -18"><span class='ocrx_word' id='word_1_318' title='bbox 195 3867 250 3922; x_wconf 78' lang='lat' dir='ltr'>unit</span> <span class='ocrx_word' id='word_1_319' title='bbox 266 3866 427 3925; x_wconf 83' lang='lat' dir='ltr'>Parmenen</span> <span class='ocrx_word' id='word_1_320' title='bbox 446 3867 501 3921; x_wconf 92' lang='lat' dir='ltr'>den</span> <span class='ocrx_word' id='word_1_321' title='bbox 519 3865 675 3936; x_wconf 78' lang='lat' dir='ltr'>Apaturius</span> <span class='ocrx_word' id='word_1_322' title='bbox 692 3882 790 3938; x_wconf 77' lang='lat' dir='ltr'>wagan</span> <span class='ocrx_word' id='word_1_323' title='bbox 818 3866 1021 3937; x_wconf 75' lang='lat' dir='ltr'>empfanganer</span> <span class='ocrx_word' id='word_1_324' title='bbox 1040 3865 1157 3935; x_wconf 77' lang='lat' dir='ltr'>aehltige</span> <span class='ocrx_word' id='word_1_325' title='bbox 1175 3863 1292 3935; x_wconf 77' lang='lat' dir='ltr'>belangt</span> 
     </span>
     <span class='ocr_line' id='line_1_39' title="bbox 199 3952 1292 4025; baseline -0.003 -18"><span class='ocrx_word' id='word_1_326' title='bbox 199 3953 292 4022; x_wconf 75' lang='lat' dir='ltr'>(Dein.</span> <span class='ocrx_word' id='word_1_327' title='bbox 308 3968 371 4025; x_wconf 77' lang='lat' dir='ltr'>geg.</span> <span class='ocrx_word' id='word_1_328' title='bbox 385 3956 470 4024; x_wconf 76' lang='lat' dir='ltr'>Aput</span> <span class='ocrx_word' id='word_1_329' title='bbox 484 3954 556 4024; x_wconf 82' lang='grc'>896),</span> <span class='ocrx_word' id='word_1_330' title='bbox 575 3960 604 4008; x_wconf 89' lang='lat' dir='ltr'>et</span> <span class='ocrx_word' id='word_1_331' title='bbox 621 3952 655 4007; x_wconf 85' lang='lat' dir='ltr'>IL</span> <span class='ocrx_word' id='word_1_332' title='bbox 673 3968 738 4024; x_wconf 79' lang='lat' dir='ltr'>pag.</span> <span class='ocrx_word' id='word_1_333' title='bbox 750 3954 811 4009; x_wconf 77' lang='lat'><strong>372.</strong></span> <span class='ocrx_word' id='word_1_334' title='bbox 834 3968 932 4024; x_wconf 73' lang='lat' dir='ltr'>uegeta</span> <span class='ocrx_word' id='word_1_335' title='bbox 945 3953 1037 4007; x_wconf 78' lang='lat' dir='ltr'>dieses</span> <span class='ocrx_word' id='word_1_336' title='bbox 1054 3953 1165 4006; x_wconf 80' lang='lat' dir='ltr'>inanum</span> <span class='ocrx_word' id='word_1_337' title='bbox 1177 3965 1292 4004; x_wconf 81' lang='lat' dir='ltr'>eeaaana</span> 
     </span>
     <span class='ocr_line' id='line_1_40' title="bbox 202 4035 1291 4113; baseline -0.003 -20"><span class='ocrx_word' id='word_1_338' title='bbox 202 4041 319 4113; x_wconf 77' lang='lat' dir='ltr'>belaegt</span> <span class='ocrx_word' id='word_1_339' title='bbox 335 4040 495 4095; x_wconf 85' lang='lat' dir='ltr'>Parmenun</span> <span class='ocrx_word' id='word_1_340' title='bbox 518 4042 572 4096; x_wconf 83' lang='lat' dir='ltr'>den</span> <span class='ocrx_word' id='word_1_341' title='bbox 588 4040 742 4111; x_wconf 66' lang='lat' dir='ltr'>apaturiia</span> <span class='ocrx_word' id='word_1_342' title='bbox 763 4041 836 4110; x_wconf 84' lang='grc'>(896.</span> <span class='ocrx_word' id='word_1_343' title='bbox 857 4040 905 4111; x_wconf 78' lang='lat'>20)</span> <span class='ocrx_word' id='word_1_344' title='bbox 922 4039 980 4094; x_wconf 85' lang='lat' dir='ltr'>und</span> <span class='ocrx_word' id='word_1_345' title='bbox 1003 4054 1091 4105; x_wconf 80' lang='lat' dir='ltr'>awar,</span> <span class='ocrx_word' id='word_1_346' title='bbox 1118 4037 1170 4091; x_wconf 76' lang='lat' dir='ltr'>wie</span> <span class='ocrx_word' id='word_1_347' title='bbox 1192 4035 1223 4089; x_wconf 87' lang='lat' dir='ltr'>in</span> <span class='ocrx_word' id='word_1_348' title='bbox 1241 4035 1291 4090; x_wconf 76' lang='lat' dir='ltr'>deu</span> 
     </span>
     <span class='ocr_line' id='line_1_41' title="bbox 200 4125 882 4200; baseline 0.004 -20"><span class='ocrx_word' id='word_1_349' title='bbox 200 4126 420 4200; x_wconf 74' lang='lat' dir='ltr'>inhalteangabe</span> <span class='ocrx_word' id='word_1_350' title='bbox 436 4126 540 4199; x_wconf 56' lang='lat' dir='ltr'>ruhtig</span> <span class='ocrx_word' id='word_1_351' title='bbox 557 4125 687 4182; x_wconf 85' lang='lat' dir='ltr'>bemerkt</span> <span class='ocrx_word' id='word_1_352' title='bbox 703 4127 750 4197; x_wconf 82' lang='lat' dir='ltr'>iat,</span> <span class='ocrx_word' id='word_1_353' title='bbox 767 4125 882 4195; x_wconf 66' lang='grc' dir='ltr'><strong><em>βλάβης.</em></strong></span> 
     </span>
    </p>

    <p class='ocr_par' dir='ltr' id='par_1_11' title="bbox 269 4208 1113 4288">
     <span class='ocr_line' id='line_1_42' title="bbox 269 4208 1113 4288; baseline -0.005 -16"><span class='ocrx_word' id='word_1_354' title='bbox 269 4217 297 4288; x_wconf 91' lang='grc'>6)</span> <span class='ocrx_word' id='word_1_355' title='bbox 313 4215 408 4271; x_wconf 75' lang='grc' dir='ltr'><strong><em>α’έῑαίἰ</em></strong></span> <span class='ocrx_word' id='word_1_356' title='bbox 426 4216 499 4268; x_wconf 86' lang='lat' dir='ltr'>dene</span> <span class='ocrx_word' id='word_1_357' title='bbox 517 4230 554 4268; x_wconf 88' lang='lat' dir='ltr'>nu</span> <span class='ocrx_word' id='word_1_358' title='bbox 572 4213 686 4269; x_wconf 73' lang='lat' dir='ltr'>l’aetien</span> <span class='ocrx_word' id='word_1_359' title='bbox 704 4215 795 4269; x_wconf 71' lang='lat' dir='ltr'>atalae</span> <span class='ocrx_word' id='word_1_360' title='bbox 812 4228 849 4268; x_wconf 88' lang='lat' dir='ltr'>eu</span> <span class='ocrx_word' id='word_1_361' title='bbox 863 4211 980 4269; x_wconf 80' lang='lat' dir='ltr'>l&#39;aetion</span> <span class='ocrx_word' id='word_1_362' title='bbox 997 4208 1113 4280; x_wconf 76' lang='grc' dir='ltr'><strong><em>βλίβηα</em></strong></span> 
     </span>
    </p>
   </div>
   <div class='ocr_carea' id='block_1_6' title="bbox 0 0 1534 4658">
    <p class='ocr_par' dir='ltr' id='par_1_12' title="bbox 0 0 1534 4658">
     <span class='ocr_line' id='line_1_43' title="bbox 0 0 1534 4658; baseline 0 1"><span class='ocrx_word' id='word_1_363' title='bbox 0 0 1534 4658; x_wconf 95' lang='lat' dir='ltr'> </span> 
     </span>
    </p>
   </div>
  </div>
 </body>
</html>
