3060 4658
629 261 839 326 ..25-

193 430 341 512 stoclem,
375 433 430 518 qui
459 455 499 498 ex
528 453 614 519 pago
636 431 686 497 Oe
714 431 816 497 tribus
839 429 991 496 Oencidis
1021 431 1175 497 oriundus
1200 440 1278 512 erat,

191 535 375 601 Poimenon
402 544 543 601 actorem
553 537 589 622 1).
638 535 754 601 deinde
782 536 990 601 constitutum
1020 545 1078 618 est,
1108 544 1144 600 ut
1171 545 1203 601 et
1229 557 1278 615 ea,

193 661 275 726 qnae
297 641 381 705 inter
401 641 460 704 tris
476 639 549 705 illos
570 639 710 706 arbitros
732 641 964 723 conuenissent,
988 648 1020 705 et
1044 662 1093 724 ca,
1116 661 1199 727 quae
1213 639 1277 704 duo
1365 677 1371 687 ·

192 765 304 808 eorum
320 728 546 827 decreuissent,
561 752 634 808 rata
648 752 680 808 et
693 743 786 807 firma
800 753 915 810 essent.
959 752 1027 809 tum
1042 744 1178 831 praedes
1195 744 1279 807 inter

192 869 228 912 se
248 846 414 929 dederunt,
437 849 493 934 qni
514 847 708 913 arbitrorum
729 845 857 912 decreto
880 848 960 914 satis
982 847 1102 913 lactum
1124 848 1165 912 iri
1185 867 1278 933 prae·

193 958 323 1032 starent,
345 952 522 1038 Apaturius
537 951 745 1016 Parmenonti
758 951 960 1034 Aristoclem,
974 952 1157 1018 Parmenon
1171 960 1277 1016 autem

192 1054 352 1141 Apaturio
374 1054 575 1143 Archippum
596 1055 700 1118 ciuem
721 1052 952 1121 Atheniensem
974 1077 1016 1119 ex
1036 1077 1121 1142 pago
1138 1054 1277 1142 Myrrhi-

194 1167 293 1224 nunte
314 1158 418 1224 tribus
440 1155 651 1223 Pandionidis
672 1157 850 1223 oriundum.
895 1158 1031 1245 denique
1053 1159 1170 1241 omnia,
1195 1179 1279 1245 quac

193 1265 275 1328 inter
306 1262 470 1349 litigantes
496 1269 729 1343 conuenerant,
762 1261 877 1326 litteris
906 1263 1097 1346 consignata
1126 1270 1215 1340 sunt,
1241 1270 1279 1327 et

195 1365 331 1448 libellus,
346 1386 441 1453 quem
454 1364 679 1430 Parmenontis
693 1387 806 1430 seruus
818 1365 843 1450 ί)
859 1374 1059 1447 exarauerat,
1073 1367 1176 1451 primo
1191 1364 1279 1451 apud

195 1469 379 1536 Phocritum
402 1468 566 1557 depositus
591 1476 657 1551 est,
689 1477 757 1534 tum
788 1491 860 1534 oum
881 1469 1050 1536 Phocritus
1078 1471 1147 1557 ipse
1168 1478 1273 1557 postu·

195 1573 337 1656 lenisset,
351 1583 395 1638 ut
417 1571 503 1660 apud
525 1572 623 1637 alium
645 1571 865 1660 deponeretur,
887 1571 974 1660 apud
995 1572 1195 1640 Aristoclem.

278 1680 344 1742 iam
367 1700 442 1742 uero
465 1677 622 1743 diaetetae
644 1679 863 1763 quaestionem
885 1678 1099 1757 instituerunt,
1123 1686 1194 1743 uter
1215 1676 1276 1742 liti-

194 1783 339 1864 gantium
361 1781 487 1869 culpam
510 1782 737 1863 contraxisset,
768 1791 801 1847 et
820 1783 887 1846 iam
914 1782 948 1846 in
971 1803 1008 1847 eo
1032 1791 1117 1865 erat,
1148 1788 1185 1845 ut
1207 1801 1277 1846 sen-

194 1885 327 1949 tentiam
349 1885 499 1968 facerent,
522 1906 594 1950 cum
609 1886 795 1971 Apaturius,
818 1886 873 1971 qui
887 1885 1073 1952 Pboeritum
1088 1894 1120 1951 et
1137 1894 1278 1951 actorem

90 1988 102 2009 ‘
197 1989 417 2074 conspirantes
440 2011 474 2054 se
495 1989 763 2055 condemnaturos
778 2011 848 2055 esse
870 1991 1073 2078 conperisset,
1095 1989 1199 2055 denuo
1223 2009 1277 2052 ne-

194 2092 282 2175 gotia
313 2091 485 2160 facessiuit.
527 2091 668 2158 libellum
698 2093 799 2175 enim,
830 2114 893 2182 quo
916 2095 1021 2179 pactio
1047 2091 1278 2172 continebatur,

195 2193 364 2259 delendum
386 2205 478 2260 curat
488 2196 513 2282 ³)
535 2196 641 2283 idque,
666 2197 692 2260 si
714 2195 810 2262 modo
833 2198 969 2262 oratoris
991 2196 1098 2263 uerbis
1119 2195 1200 2260 fides
1221 2194 1277 2260 ha-

193 2290 300 2363 beuda
322 2308 379 2379 est,
401 2321 438 2365 eo
454 2299 596 2382 consilio,
617 2309 653 2365 ut
673 2301 781 2365 diaeta
795 2299 979 2366 solueretur.
1022 2310 1089 2366 tum
1111 2322 1189 2366 uero
1203 2299 1277 2364 Ari·

195 2401 326 2466 stoclem
348 2403 449 2468 solum
473 2403 534 2469 sibi
558 2404 730 2470 diactetam
750 2425 820 2469 esse
842 2403 1013 2487 contendit,
1039 2403 1223 2470 Pboeritum
1246 2412 1278 2468 et

194 2513 334 2569 actorem
372 2507 492 2572 nullam
521 2507 639 2575 habere
674 2517 866 2595 potestatem
895 2508 957 2573 nisi
990 2506 1051 2573 τοῦ
1084 2506 1240 2573 διαλῦσαι
1250 2506 1276 2594 4)

193 2638 400 2648 ----,----

264 2698 292 2759 1)
309 2710 423 2765 prorsus
442 2694 541 2749 eodem
558 2695 640 2750 modo
656 2694 698 2749 III
716 2694 854 2750 diuetstae
872 2694 976 2766 priuati
994 2694 1156 2767 deliguntur
1176 2693 1276 2769 [Bam]

193 2779 309 2835 LVIIII.
326 2781 370 2855 46
405 2786 452 2834 καὶ
474 2780 544 2853 ὑπὲρ
567 2786 620 2849 μὲν
637 2787 687 2835 τοῦ
708 2787 869 2853 Φρυνίωνος
893 2779 1034 2848 διαιτητὴς
1049 2784 1199 2846 ἐκαθέζετο
1217 2779 1278 2834 Σά-

191 2887 271 2940 τυρος
290 2866 491 2931 Ἀλωπεκῆθεν
520 2868 535 2919 ὃ
562 2865 788 2937 Λακεδαιμονίου
814 2865 944 2938 ἁδελφός,
969 2867 1039 2941 ὑπὲρ
1073 2865 1103 2921 δὲ
1129 2867 1278 2939 Στεφάνου

192 2959 303 3007 τουτουί
316 2957 455 3025 Σατυρίαε
466 2955 648 3026 Λαμπτρεύς·
667 2957 765 3009 κοινὸν
779 2953 805 3008 δ’
827 2954 920 3011 adroic
932 2961 1155 3025 προσαιροῦνται
1167 2957 1278 3025 Διογεί-

115 3070 118 3073 ·
192 3059 263 3094 τουσι
273 3039 413 3110 Ἀχαρνέα.

262 3127 435 3199 2)cf.§17.
593 3170 605 3194 ,
1236 3164 1240 3171 ·

262 3214 291 3282 3)
308 3212 362 3269 hoc
386 3230 475 3284 genus
501 3211 610 3270 fraudis
633 3213 663 3268 in
683 3213 805 3270 Graecia
829 3231 886 3270 uon
911 3230 1006 3270 rarum
1028 3212 1117 3269 fuisse
1140 3213 1263 3269 Isocrate

194 3299 285 3355 XVII.
304 3300 339 3356 33
364 3300 486 3357 dilucide
510 3300 585 3356 bisce
609 3306 741 3356 testatur:
767 3302 817 3355 σίιιι
841 3301 924 3364 ἄξιον
948 3298 979 3355 δὲ
1000 3301 1170 3371 θαυμάζειν,
1198 3301 1223 3354 εἰ
1243 3297 1277 3354 τά

193 3389 385 3458 γραμματεῗον
403 3384 575 3459 διέφθειρεν,
596 3389 628 3444 od
644 3386 734 3457 μόνον
752 3385 799 3442 διαὶ
817 3396 909 3450 τοῦτο,
930 3386 975 3443 ὅτι
990 3385 1079 3443 πολλοὶ
1095 3388 1205 3443 τοιαῦτ’
1226 3386 1278 3455 ἤδη

193 3479 313 3546 γέγονεν,
332 3470 391 3526 ἄλλ’
408 3472 454 3527 δτι
471 3474 527 3531 κτλ.

262 3560 291 3629 4)
309 3557 441 3615 διαλῦσαι
458 3561 518 3616 eod.
536 3566 565 3614 Σ
579 3562 709 3634 praebet,
737 3563 822 3618 celeri
841 3564 922 3619 codd.
942 3561 1125 3619 συνδιαλῦσαι.
1162 3563 1279 3635 simplex

195 3651 288 3702 autem
306 3647 424 3702 uerbum
442 3664 541 3704 nerum
556 3649 683 3704 uidetur:
710 3665 776 3704 nam
794 3655 826 3705 ut
842 3651 888 3707 hic
905 3657 945 3707 ita
962 3651 1025 3706 aliis
1042 3650 1125 3706 buius
1143 3651 1278 3706 orationis

194 3733 264 3788 locis
277 3733 306 3787 in
319 3732 464 3789 codicibus
478 3735 662 3792 deterioribus
674 3735 763 3791 uerba
774 3737 920 3809 conposita
930 3754 982 3810 pro
991 3737 1164 3809 simplicibus
1175 3742 1279 3793 temere
1376 3770 1378 3773 ·

198 3820 351 3875 substituta
363 3826 433 3874 sunt.
461 3820 498 3876 cf.
517 3823 559 3877 17,
578 3820 794 3894 διαμφισβητεῖν
807 3825 850 3878 Ar
868 3840 920 3896 pro
939 3823 1134 3894 ἀμφισβητεῖν,
1155 3825 1196 3879 18.
1215 3843 1279 3897 συγ-

194 3906 411 3971 κατασκευάζειν
424 3908 475 3972 FQ
493 3926 544 3980 pro
557 3908 779 3975 κατασκευάζων,
806 3910 849 3965 23.
871 3908 1066 3980 εἰσεπράττετο
1083 3925 1180 3964 omnes
1198 3909 1279 3967 codd.

193 3999 307 4066 praeter
317 3998 345 4046 Σ
354 4009 405 4065 pro
418 3995 581 4066 ἐπράττετο,
602 3995 645 4050 27.
656 3992 688 4049 od
702 3991 905 4067 διισχυρίζομαι
915 3996 958 4051 Δι’
970 4012 1021 4067 pro
1035 3995 1277 4068 οὗκιίσχυρίζομαι,

194 4082 236 4138 29.
254 4079 385 4145 ἀνῆλθον
402 4078 472 4144 AQr
488 4079 623 4146 α’πῆλθον
644 4080 669 4136 F
685 4098 737 4153 pro
754 4074 854 4148 ἦλθον.
888 4087 1012 4138 ceterum
1033 4079 1157 4136 διαλύειν
1180 4081 1279 4137 eodem

194 4167 277 4223 modo
303 4168 338 4221 de
360 4166 457 4221 amicis
482 4166 626 4238 litigantes
649 4168 723 4223 inter
754 4168 1020 4225 reconciliantibus
1049 4172 1212 4238 usurpatum
1235 4172 1279 4222 est

194 4252 330 4310 XXXXL
353 4256 386 4311 14
408 4255 588 4324 βουλομένων
614 4255 685 4323 ἡμᾶς
708 4261 767 4308 τῶν
789 4251 879 4326 φίλων
906 4251 1067 4309 διαλύειν
1092 4259 1140 4308 καὶ
1166 4251 1279 4310 πολλῶν
1334 4262 1340 4273 ‘
