3060 4658
602 330 815 400 ..63-

161 492 228 578 τάς
250 500 438 588 συνθήκας,
461 504 641 575 XXXVII.
657 507 699 573 10
719 501 802 593 πρὸς
824 511 948 572 ἐκεῖνον
968 505 1073 572 πάλιν
1085 507 1259 591 μίσθωσιν

157 598 311 693 γράφειν.
346 609 386 673 cf.
415 607 647 695 [XXXXIII.]
680 608 698 673 7
738 604 914 687 συνθήκας
952 600 1145 697 γράψαντες
1174 603 1258 695 πρὸς

159 697 344 790 ἀλλήλους,
377 709 653 798 [XXXXVIIII]
684 712 705 778 9
742 706 917 790 συνθήκας
954 704 1148 798 ἐγράψαμεν
1175 703 1258 795 πρὸς

159 803 252 891 ἡμᾶς
282 806 406 890 αὐτοὺς
435 847 479 878 =
507 821 535 901 ξ.
568 819 623 896 11,
655 815 696 880 10
729 807 924 905 εγράψαμεν
952 806 1137 894 συνθήκας,
1158 814 1258 879 Isocr.

159 908 253 980 VIII.
278 913 319 978 16
340 916 495 1004 χρῆσθαι
521 925 595 996 ταῖς
616 903 806 996 συνθήκαις
826 912 879 994 αῖς
900 915 962 984 νῦν
985 938 1071 992 τινες
1091 911 1257 1005 γεγράφα-
1320 974 1322 980 .

160 1033 233 1099 σιν,
258 1015 340 1086 Ιεεε.
370 1019 425 1086 VI.
448 1022 490 1087 27
522 1016 659 1110 γράψας
685 1015 865 1099 διαθήκην.
915 1019 1082 1107 passiacum
1112 1019 1259 1106 denique,

160 1118 249 1203 qnod
270 1120 314 1186 ad
336 1110 559 1209 quaestionem
580 1123 666 1189 banc
684 1121 872 1189 soluendam
887 1124 966 1189 nihil
981 1122 1079 1206 ualet,
1101 1122 1257 1209 scriptum

159 1222 254 1289 uides
276 1223 470 1313 [XXXIII]
488 1228 537 1307 14,
553 1226 603 1307 30,
618 1224 748 1291 XXIII.
766 1226 839 1309 169,
856 1226 953 1293 Isocr.
970 1226 1060 1292 VIII.
1077 1226 1128 1293 26.
1153 1223 1255 1312 quid?

160 1347 240 1390 num
269 1328 421 1396 credibile
449 1338 499 1396 est
519 1329 770 1397 Demosthenem
804 1351 963 1395 summum
991 1329 1081 1395 illum
1102 1328 1257 1395 orationis

162 1430 257 1515 qnasi
278 1433 435 1500 artificem
455 1433 629 1501 fluctuasse
649 1436 734 1501 inter
755 1455 858 1519 genus
879 1433 1023 1499 actiumn
1044 1439 1077 1498 et
1090 1430 1256 1497 medium?
1331 1519 1340 1529 ἱ

161 1540 304 1600 ceterum
334 1537 425 1618 item,
454 1546 491 1603 nt
523 1533 699 1617 συνθήκας
725 1533 938 1629 γράφεσθαι,
966 1537 1087 1604 dictum
1109 1544 1157 1602 est
1179 1553 1255 1621 συγ·

162 1630 296 1726 γραφήν
333 1633 531 1728 γράφεσθαι
542 1642 586 1730 ¹):
600 1647 606 1656 '
621 1640 740 1728 [LVI]
777 1642 797 1707 6
830 1632 1027 1732 συγγραφήν
1061 1634 1256 1727 εγράψαντο

162 1734 244 1820 ὑπὲρ
265 1733 402 1825 τούτων,
430 1745 474 1811 20
494 1746 522 1810 le
544 1741 587 1811 49
609 1738 811 1836 συγγραφήν
833 1735 1058 1834 γραψάμενος,
1082 1742 1169 1831 quod
1189 1764 1256 1808 me·

164 1841 252 1907 dium
281 1836 479 1932 γράφεσθαι
507 1848 596 1915 haud
619 1849 685 1916 scio
715 1870 758 1914 an
787 1846 831 1913 ad
859 1847 1043 1933 analogiam
1065 1844 1157 1911 uerbi
1179 1866 1254 1932 συγ·

163 1939 359 2035 γράφεσθαι
381 1949 571 2039 ([XXXV.]
590 1954 618 2036 1,
634 1952 723 2039 [LI]
743 1953 792 2036 11,
807 1952 859 2034 28,
872 1951 926 2035 32,
938 1950 995 2037 46)
1010 1972 1031 2016 ιι
1046 1947 1256 2036 scriptoribus

163 2047 315 2116 XXXIII
336 2056 491 2120 orationis
513 2065 545 2122 et
566 2055 645 2122 LVI
667 2055 901 2122 conformatum
923 2054 973 2120 sit

247 2156 277 2235 ἓ.
299 2155 350 2220 31.
395 2153 577 2248 ἀπόρρησις
608 2158 695 2245 apud
716 2158 970 2225 Demosthenem
991 2157 1054 2224 alio
1075 2156 1146 2223 loco
1167 2154 1256 2231 nullo

163 2265 219 2323 est.
250 2278 444 2346 quamquam
454 2260 647 2328 uocabulum
662 2262 748 2328 istuc
757 2286 823 2330 non
830 2262 1020 2330 inusitatum
1031 2267 1109 2347 eret,
1122 2258 1161 2326 cf.
1173 2257 1255 2324 Plst

149 2360 252 2449 soph.
264 2383 339 2449 pag.
361 2364 424 2430 258
440 2362 690 2451 Ομακροτίρως
705 2365 763 2446 τῆς
785 2361 996 2454 ἀναρρήσεως
1017 2356 1257 2449 ήπιστήκαμεν.

166 2464 228 2531 alio
251 2486 328 2531 uero
352 2489 449 2533 sensu
472 2462 655 2555 ἀπόρρησις
677 2480 867 2558 usurpatum
889 2479 940 2536 est
961 2467 1004 2535 ab
1026 2467 1119 2533 Isaeo
1141 2465 1184 2530 ΙΙ.
1214 2466 1256 2531 29

164 2560 271 2653 τούτῳ
294 2570 329 2635 δὲ
365 2563 522 2658 λαγχάνει
552 2571 648 2651 δίκην
678 2574 738 2652 τής
769 2567 978 2662 ἀπορρήσεως
1005 2568 1256 2658 (abdicationis).

247 2676 278 2754 ξ.
301 2674 351 2741 32.
395 2669 587 2759 ἀπελογεῖτο
610 2672 689 2761 ὑμῖν
703 2677 761 2743 καὶ
773 2673 947 2765 μάρτυράς
961 2676 1143 2762 παρείχετο.
1173 2668 1256 2739 ἀπο-

161 2773 340 2859 λογεῖσθαι
363 2797 437 2841 cum
459 2776 570 2845 (latino
585 2780 791 2846 coniunctum
806 2789 864 2863 est,
887 2787 923 2844 ut
937 2802 957 2844 a
972 2778 1108 2844 Platone
1122 2777 1254 2862 Protag.

163 2877 226 2944 359
247 2876 279 2942 A
302 2875 539 2966 ἀπολογείσθω
561 2878 642 2965 ἡμῖν
666 2875 905 2970 Πρωταγόρας.
949 2879 1012 2946 boo
1033 2902 1111 2945 num
1132 2902 1174 2945 cx
1188 2879 1254 2944 De-

164 2979 340 3047 mosthenis
361 2982 594 3049 consuetudine
618 2984 739 3049 factum
762 2985 812 3066 sit,
834 3006 917 3072 quae
936 2993 985 3049 est
998 2983 1135 3073 penuria
1149 3004 1254 3048 exem·

164 3083 289 3171 plorum
311 3085 472 3168 similium,
495 3085 654 3153 diudicari
669 3109 735 3153 non
749 3097 872 3176 potest:
894 3096 1019 3153 tantnm
1035 3087 1107 3153 dico
1122 3106 1255 3175 prorsus

164 3187 258 3253 simili
279 3189 350 3255 loco
373 3188 490 3276 (LVII.
515 3190 570 3277 12)
599 3188 846 3276 ἀπολογεῖσθαι
869 3194 909 3259 ἕν
930 3212 999 3259 τισι
1022 3191 1143 3257 dictum
1166 3211 1254 3257 esse:

164 3291 267 3357 uerba
293 3302 401 3358 autem
433 3302 507 3358 sunt
535 3293 634 3361 haec:
672 3288 962 3381 ἀπολογήσασθαι
989 3301 1025 3362 εν
1051 3289 1159 3361 ἀπασι
1187 3302 1257 3369 τοῖς

166 3388 327 3479 δημόταις
350 3397 405 3462 καὶ
430 3390 508 3472 tocie
530 3399 668 3475 οίιιείους
688 3392 862 3487 μάρτυρας
884 3400 1134 3487 παρασχέσθαι.

247 3502 277 3580 ἓ.
299 3501 350 3566 32.
394 3500 497 3569 τοῦτο
506 3502 568 3586 μὲν
584 3495 639 3566 ὅτι
650 3553 656 3567 .
669 3556 676 3570 .
689 3555 695 3567 .
709 3552 715 3565 .
731 3498 796 3570 εἶθ’
817 3496 891 3569 bu:
906 3501 1007 3570 τοῦτο
1021 3504 1083 3589 μὲν
1094 3540 1134 3551 -
1147 3499 1219 3569 εἶτα
1231 3503 1257 3588 ²)

163 3655 370 3666 --——-.

234 3741 262 3810 l)
279 3755 330 3795 nec
351 3744 511 3815 συγγραφὴν
533 3743 654 3817 γράφειν
676 3757 730 3797 nec
751 3744 912 3815 συγγραφὴν
942 3741 1151 3817 συγγράφειν,
1182 3761 1255 3813 quae

166 3826 320 3893 (insistitis,
338 3826 384 3882 dic
402 3827 548 3883 formellcn
567 3829 705 3900 veitrtlge,
724 3844 793 3901 pag.
809 3830 870 3899 432,
893 3845 979 3901 saepe
997 3829 1074 3902 apud
1091 3829 1255 3886 Demosthe

165 3927 228 3967 nem
246 3912 428 3983 inuenirim,
446 3929 500 3988 ego
510 3915 722 3988 deprehendere
734 3916 822 3986 potui.
857 3914 1019 3971 noluitsine
1036 3917 1122 3971 dubio
1133 3915 1255 3988 optimus

166 4000 213 4054 ille
230 3999 274 4053 uir
293 3998 386 4054 dicere
404 4002 586 4071 συνθήκας
602 4003 723 4076 γράφειν
745 4007 776 4056 ct
800 3998 962 4076 συγγραφήν
985 4001 1255 4076 συγγράφεσθαι

165 4084 324 4246 “XXXIV
338 4088 470 4245 bbphocl.
481 4172 600 4229 Philocl.
615 4174 683 4230 1345
700 4178 807 4228 τοῦτο
822 4179 887 4241 μὲν
904 4178 931 4231 &a
939 4180 1033 4247 χεῖρας
1049 4171 1157 4232 ε’λθεῖν,
1179 4171 1255 4224 εἶτα

167 4262 219 4328 τὴν
236 4259 414 4316 πολύπονον
435 4266 540 4333 Τροίαν
557 4259 669 4329 λαβεῖν,
693 4265 724 4314 et
739 4261 807 4315 Ant.
825 4259 858 4313 61
882 4257 943 4311 ἀλλ’
964 4262 1087 4311 ίυνοιεῖν
1103 4255 1154 4327 χρή
1172 4261 1256 4309 τοῦτο

165 4352 218 4415 μδν
226 4352 336 4421 γυναῖχ’
349 4346 394 4402 ὅτι
414 4353 519 4419 ἔφυμεν
531 4384 556 4404 ..
567 4384 575 4400 .
588 4349 687 4399 ἔπειτα
696 4344 724 4399 δ’
737 4346 832 4401 οὕνεκ’
850 4342 1010 4418 ἀρχόμεσθ’
1027 4346 1057 4394 ἐκ
1075 4341 1255 4414 κρεισσόνων.
