3060 4658
618 297 827 361 ,19,.

187 464 381 552 scripserunt
393 466 427 552 ¹),
449 488 513 534 non
534 467 599 532 iam
623 466 662 531 de
685 469 767 546 dote,
791 490 894 553 neque
917 467 1001 531 enim
1021 489 1042 531 a
1064 468 1203 532 diaeteta
1225 467 1267 532 ad

184 567 304 632 iudices
325 572 636 656 prouocauerant2),
659 571 715 634 sed
738 572 809 635 aliis
831 571 870 635 de
893 569 1034 657 rehum).
1077 570 1139 634 hac
1160 580 1266 635 autem

185 671 375 758 antigrapho
405 675 562 739 actionem
594 694 614 735 a
642 674 821 739 Mantitheo
850 674 1007 738 intentam
1042 672 1171 738 dilatam
1202 696 1265 739 non

186 796 254 839 esse
276 767 439 861 exipsius
463 778 597 842 oratoris
620 777 728 842 uerbis
750 787 892 865 apparet,
915 777 970 862 qui
992 775 1194 864 paragrapho
1217 775 1268 839 ΙΙΙ

183 877 277 962 plane
298 888 396 961 negat
417 879 457 944 de
472 880 585 946 Boeoti
608 903 724 947 caussa
744 883 810 945 iam
831 880 1006 945 iudicatum
1028 901 1098 944 esse
1120 892 1152 944 et
1174 901 1268 966 para·

182 970 305 1067 grapho
327 980 426 1047 XVII
459 984 599 1048 affirmat
629 1006 777 1049 caussam
801 1007 835 1049 so
863 1005 976 1068 agere,
1008 1004 1104 1068 quam
1126 982 1266 1048 Boeotus

184 1086 343 1149 contraria
365 1089 491 1152 actione
511 1085 683 1188 prohibere
702 1086 847 1151 uoluerit.

265 1186 311 1256 II.
348 1188 466 1252 Similis
488 1198 538 1253 est
560 1209 684 1269 caussa,
706 1209 789 1274 quac
811 1211 831 1252 a
852 1188 1070 1253 Demosthene

265 1289 426 1360 XXXXI.
451 1293 491 1357 12
513 1292 563 1356 his
586 1293 772 1377 exponitur:
802 1292 877 1366 ’ίσιες
900 1294 1014 1356 τοίνυν
1035 1282 1063 1354 o5
1084 1282 1197 1375 ἀνδρες
1219 1291 1265 1355 δι-

180 1397 301 1459 κασταὶ
324 1390 407 1480 πρὸς
427 1399 489 1480 μὲν
503 1389 597 1460 ταῦτ’
625 1389 719 1459 οὐδὲν
740 1389 867 1478 ἀντερεῖ
878 1392 1070 1468 Σπουδίας·
1092 1387 1186 1457 οὐδὲν
1201 1386 1265 1478 νάρ

184 1496 243 1576 ἕξει
267 1499 384 1582 καίπερ
406 1492 510 1575 δεινὸς
532 1499 594 1565 ὤν·
623 1493 811 1563 αίτιάσεται
834 1498 868 1562 δέ
889 1491 1105 1560 Πολύευκτον
1126 1497 1183 1559 καὶ
1205 1488 1267 1572 τὴν

179 1609 322 1681 γυναῖκα
345 1597 449 1667 αύτού
471 1602 527 1666 καὶ
549 1597 646 1692 φήσει
667 1595 782 1665 πάντα
802 1599 911 1664 ταῦτα
933 1592 989 1664 ὑπ’
1016 1597 1097 1681 ἐμοῦ
1110 1599 1264 1663 πεισθέν-

179 1725 241 1776 τας
262 1706 571 1790 καταχαρίσασθαι,
592 1705 648 1769 καὶ
670 1697 711 1780 νὴ
732 1698 785 1767 Δί’
814 1709 907 1788 ἐτερα
928 1695 1038 1767 πολλά
1060 1702 1115 1764 καὶ
1137 1701 1266 1784 μεγαλα

179 1802 482 1886 βλύπτεσθαικαὶ
498 1808 618 1887 δίκην
632 1808 848 1892 εἰληχέναι
866 1828 953 1890 μου.
987 1798 1048 1888 ἐμοί
1064 1799 1094 1868 δ’
1114 1795 1268 1889 ὦάνδρες

183 1910 339 1976 δικασταὶ
360 1910 572 1995 πρῶτονμὲν
593 1905 654 1995 οὐχ
675 1908 820 1995 ἡγοῦμαι
842 1910 976 1974 δικαίαν
998 1902 1080 1972 εἶναι
1101 1899 1163 1984 τὴν
1185 1900 1267 1971 ἀπο-

156 2013 298 2111 ’λογίαν
321 2008 383 2092 την
405 2009 567 2092 τοιαύτην
588 2016 645 2078 καὶ
667 2006 852 2097 προσήκειν,
876 2007 958 2077 ὅταν
973 2033 1022 2084 τις
1045 2007 1192 2095 φανερῶς
1207 2008 1269 2089 ἐξ·

173 2116 335 2200 λέγχηται
347 2121 628 2203 μεταστρέψαντα
639 2107 699 2191 τάς
715 2117 824 2191 αἰτίας
839 2116 985 2199 ἐγκαλεῖν
995 2113 1051 2176 καί
1066 2105 1267 2194 διαβάλλειν.

175 2210 253 2280 ἀλλ’
291 2221 418 2284 ἐκείνων
449 2222 524 2302 μὲν,
557 2221 643 2304 είπερ
676 2214 853 2300 ἀδικεῖται,
886 2216 1015 2294 δῆλον
1046 2215 1115 2279 ὅτι
1145 2213 1269 2289 δίκην

174 2316 229 2397 λη
235 2337 381 2408 ψεται,
404 2317 532 2389 τούτων
549 2321 582 2386 δὲ
598 2312 701 2390 δύσει.
746 2330 835 2386 actor
849 2320 947 2405 igitur
962 2338 1096 2383 caussae
1111 2314 1267 2402 Spudiam

176 2421 220 2485 de
236 2423 311 2487 dote
327 2425 501 2505 accusauit,
522 2425 575 2489 hic
590 2432 697 2488 autem
712 2425 801 2489 illum
823 2424 888 2488 alia
903 2422 943 2487 de
964 2432 999 2486 re
1014 2422 1047 2484 in
1065 2422 1114 2483 ius
1129 2417 1266 2483 uocauit.

174 2532 253 2590 uter
274 2527 363 2612 prior
387 2528 588 2594 accusauerit
608 2549 673 2592 non
695 2536 830 2608 constat,
856 2516 913 2591 sed
935 2527 1100 2608 utriusque
1122 2543 1269 2586 caussam

178 2631 359 2714 separatim
374 2642 479 2696 aotam
501 2653 572 2696 esse
593 2630 663 2695 luce
678 2631 796 2695 clarius
817 2631 892 2695 inde
907 2636 1051 2716 apparet,
1072 2625 1159 2712 quod
1180 2635 1270 2689 actor

178 2730 341 2819 Spudiam
363 2745 479 2816 monet,
501 2757 542 2800 ne
564 2755 647 2819 quae
668 2734 739 2820 ipse
760 2732 909 2821 postulet,
936 2733 969 2794 in
993 2728 1175 2794 defensione
1197 2749 1269 2816 pro·

138 2886 140 2893 ,
178 2835 282 2901 ferat:
304 2859 381 2901 nam
404 2838 443 2903 de
464 2839 535 2903 istis
557 2837 654 2902 rebus
676 2835 739 2901 alio
761 2836 903 2900 futurum
923 2856 993 2899 esse
1015 2832 1066 2896 die
1087 2840 1124 2896 ut
1145 2840 1268 2916 agatur.

266 2938 326 3003 ΙΙΙ.
349 2939 465 3028 [Dem]
496 2937 705 3005 XXXXVII.
728 2939 780 3006 45.
824 2930 1055 3009 καταπλεύσας
1085 2937 1199 2999 τοίνυν
1224 2930 1268 3008 ὡς

178 3038 290 3115 ,ούδενὶ
321 3038 442 3121 ἤθελεν
472 3050 656 3130 ἐπιτρέπειν
686 3038 708 3106 o‘
732 3033 905 3125 Θεόφημος
936 3038 1008 3121 περὶ
1040 3030 1106 3101 τῶν
1134 3035 1269 3119 πληγῶν

78 3214 80 3218 .
181 3141 229 3211 οἷν
259 3139 334 3210 τότ’
369 3145 490 3229 ἔλαβον
518 3142 576 3212 ἀπ’
616 3139 738 3222 αὐτοῦ,
768 3134 1057 3225 προσεκαλεσάμην
1087 3130 1190 3204 αύτδν
1213 3139 1269 3202 καὶ

183 3250 303 3334 ἐλαχον
319 3244 413 3332 αὐτῷ·
433 3249 528 3326 δίκην
543 3250 668 3322 αίκίας·
691 3243 1077 3328 ἀντιπροσκαλεσαμένου
1097 3238 1129 3306 δ’
1147 3242 1270 3305 ἐκείνου

182 3353 239 3416 καὶ
262 3350 507 3429 διαιτητῶν
538 3343 723 3436 ἐχόντων
745 3341 821 3423 τάς
851 3347 987 3428 δίκας,
1013 3338 1121 3423 ἐπειδὴ
1143 3340 1165 3420 ἡ
1187 3336 1269 3406 ἀπό-

182 3474 284 3540 φασις
314 3440 355 3533 ἦν
377 3453 443 3533 της
474 3454 579 3536 δίκης,
612 3452 632 3518 o‘
661 3454 722 3535 μέν
754 3447 927 3541 Θεόφημος
956 3447 1185 3534 παρεγρύφαο
1215 3448 1270 3508 καὶ

182 3550 372 3640 ὑπώμνυτο,
395 3549 456 3641 ἐμοὶ
480 3557 514 3620 δὲ
534 3548 698 3622 πιστεύων
719 3553 853 3639 ἐμαυτῷ
879 3551 981 3638 μηδὲν
1003 3547 1127 3615 ἀδικεῖν
1154 3540 1271 3638 εἰσῄειν

254 3784 280 3847 1)
298 3784 314 3849 ἓ
331 3783 355 3835 3.
393 3780 476 3837 σύτὸε
499 3786 552 3850 μὲν
578 3781 688 3834 τούτοις
713 3775 791 3834 δίκας
812 3778 882 3846 ὑπὲρ
908 3766 950 3828 τάν
973 3771 1123 3826 ίνεκοίλσυν
1145 3768 1271 3827 δεδωκώσ

183 3863 256 3931 πλὴν
276 3868 306 3919 εἴ
321 3888 384 3920 τινα
403 3874 455 3921 νῦν
477 3871 578 3919 ἕνεκα
605 3872 661 3931 τῆς
679 3862 776 3930 δίκης
793 3860 920 3925 ταύτης
936 3859 1187 3925 ’ίΝΤειλήχασί
1208 3878 1269 3926 μοι

183 3960 429 4023 συκοφαντοῦντες.

252 4040 280 4109 2)
299 4042 315 4109 ξ
332 4040 366 4094 55
385 4039 421 4095 of.
439 4039 559 4093 Platner.
577 4036 598 4091 I.
617 4039 675 4093 173.

254 4127 284 4197 3)
303 4124 322 4199 ᾗ
344 4127 382 4182 17.
419 4128 483 4179 ούτε
501 4131 553 4178 νῦν
567 4131 631 4197 περὶ
647 4129 764 4176 ἐκείνων
779 4120 853 4193 [περὶ
866 4109 907 4171 ὧν
921 4116 1088 4192 ἀπεδιῄτησέ
1099 4137 1153 4186 μου
1171 4118 1186 4168 ὁ
1205 4113 1276 4168 διαι-

187 4211 278 4285 τητὴς]
299 4214 389 4280 εἴληχέ
398 4233 448 4283 μοι
461 4209 540 4277 δίκην
555 4209 688 4280 οὐδεμίαν
702 4210 769 4263 ἀλλὰ
787 4213 853 4280 περὶ
866 4204 958 4259 ἀλλων
969 4211 1058 4258 τινοῖν
1071 4202 1185 4256 λύσειν
1203 4209 1276 4258 τοῖς

186 4298 378 4373 ίμκλίιμασι
396 4298 535 4356 τούτοις
552 4298 613 4365 τὴν
630 4295 731 4363 δίκην
748 4295 881 4360 ταύτην
905 4293 1069 4363 οἰόμενος
1086 4289 1122 4346 cf.
1140 4295 1197 4345 not.
1216 4290 1240 4349 l.

1022 4380 1064 4437 2*
