3060 4658
588 279 795 344 „43-

234 443 489 539 Μυρρινούσιος,
510 455 622 518 ἔπειτα
644 443 843 536 πειράσομαι
859 453 916 517 καὶ
929 457 964 516 ἐκ
981 451 1161 536 τεκμηρίων
1175 444 1238 529 τὴν

234 550 421 638 ἀπολογίαν
449 553 664 635 ποιήσασθαι
693 546 719 618 ὦ
747 546 861 638 ἄνδρες
887 554 1051 620 δικασταί.
1103 553 1237 640 πρῶτον

235 658 296 740 μὲν
323 656 418 723 ΟΥΝ
442 651 516 724 τὸν
539 652 694 744 χρόνον
716 658 852 741 ἐμαυτῷ
872 653 1018 741 ἡγοῦμαι
1037 649 1237 742 μάρτυρα

235 756 319 825 εἶναι
347 763 408 827 τοῦ
433 759 481 846 μὴ
501 758 628 841 tinulo
649 756 689 826 τὸ
712 762 857 844 ἐγκλημα
879 756 964 824 εἶναι
991 798 1032 808 -
1063 759 1133 845 (27)
1155 760 1239 843 λαβέ

236 857 277 941 δή
298 888 357 947 μοι
379 866 435 930 καὶ
456 858 517 931 τὸν
537 857 644 948 νόμον
666 858 703 940 ὃς
725 858 842 930 κελεύει
863 857 926 939 soie
941 859 1061 949 ἐγγύας
1075 865 1237 937 ἐπετείους

235 963 327 1033 εἶναι.
379 968 434 1032 καὶ
463 963 525 1033 οὐκ
554 967 762 1054 ἰσχυρίζομαι
789 967 838 1051 τῷ
864 960 968 1052 νόμῳ,
999 965 1043 1042 ὡς
1068 963 1108 1032 οὐ
1131 968 1179 1032 δεῖ
1198 989 1239 1049 με

233 1069 328 1149 δίκην
339 1071 464 1150 δοῦναι,
473 1076 499 1136 εί
506 1064 733 1155 ἠγγυησάμην,
742 1063 829 1135 ἄλλοί
841 1061 1034 1154 μοίρτυροί
1047 1072 1118 1153 μοι’
1137 1091 1238 1156 φημι

235 1166 312 1239 τὸν
340 1169 470 1257 νόμον
497 1172 608 1239 εἶναι
638 1170 698 1237 τοῦ
726 1164 773 1255 μὴ
800 1166 1033 1256 ἐγγυήσασθαι
1055 1173 1111 1237 καὶ
1133 1165 1239 1237 αὐτὸν

236 1273 364 1341 τοῦτον.
420 1298 461 1340 ex
491 1298 554 1363 quo
577 1275 808 1340 sententiarum
830 1295 956 1339 conexu
978 1274 1057 1338 satis
1081 1294 1239 1362 superque

234 1378 360 1444 elucere
380 1380 460 1444 mihi
480 1378 609 1445 uidetur
631 1386 790 1445 oratorem
811 1400 851 1443 ea
871 1377 1071 1460 testimonia,
1098 1398 1182 1463 quae
1204 1398 1239 1441 se

233 1481 435 1568 prolaturum
456 1483 611 1568 promisit,
632 1505 667 1548 re
688 1504 767 1548 uera
787 1482 966 1568 protulisse.
1014 1482 1048 1545 in
1069 1502 1109 1546 ea
1131 1488 1239 1545 autem

232 1608 270 1649 re
292 1595 387 1668 errat,
409 1585 496 1672 quod
519 1608 558 1650 ea
579 1595 779 1672 argumenta,
807 1605 890 1672 quae
911 1583 1020 1669 legum
1042 1592 1075 1649 et
1095 1584 1237 1650 testimo·

233 1690 360 1753 niorum
381 1688 590 1756 fundamento
613 1690 767 1765 nituntur,
789 1689 869 1776 ipsis
891 1689 1024 1775 opponit
1041 1689 1239 1773 argumentis

236 1800 268 1856 et
295 1793 425 1858 nomine
450 1784 628 1880 μαρτύρων
657 1794 799 1877 insignit.
855 1812 1050 1878 quamquam
1077 1815 1142 1859 non
1171 1801 1239 1857 tam

234 1896 393 1960 errauisse
423 1895 552 1960 uidetur
577 1918 675 1983 quam
703 1895 848 1962 consulto
877 1894 940 1960 hac
968 1895 1140 1962 uerborum
1165 1917 1271 1966 con,

235 1999 362 2065 fusione
383 2021 461 2064 usus
483 2021 563 2080 esse,
586 2009 624 2065 ut
645 1998 862 2087 sophistarum
883 1999 1008 2064 ratione
1031 1998 1182 2083 efficeret,
1203 2008 1240 2064 ut

236 2103 267 2165 ei
299 2103 354 2189 qui
386 2104 564 2169 orationem
586 2103 738 2170 audirent
766 2102 828 2168 sibi
852 2102 1083 2191 persuaderent
1103 2126 1139 2168 re
1160 2125 1240 2169 uera

233 2204 428 2271 inartificiali
457 2206 649 2294 probatione
678 2207 933 2273 demonstratum
954 2228 1042 2287 esse,
1076 2205 1162 2293 quod
1184 2206 1237 2272 de·

235 2315 450 2374 monstratum
463 2332 528 2375 non
544 2319 621 2377 erat
665 2310 750 2376 hane
764 2312 798 2376 in
813 2311 1005 2376 sententiam
1019 2319 1055 2376 ut
1069 2309 1240 2399 disputem,

234 2432 275 2475 ea
303 2413 505 2499 potissimum
526 2435 562 2478 re
583 2437 793 2497 emmonem,
826 2413 913 2501 quod
931 2412 1032 2494 idem,
1056 2415 1112 2500 qui
1141 2423 1237 2480 antea

235 2509 408 2600 adpropero
442 2524 475 2580 et
509 2508 667 2603 τεκμήρια
692 2517 789 2605 plane
821 2518 983 2600 distinxit,
1012 2526 1126 2605 postea
1154 2517 1239 2583 hanc

238 2610 477 2684 distinetionem
497 2620 568 2708 ipse
589 2620 757 2687 obseurat:
780 2642 857 2686 nam
879 2642 952 2686 oum
973 2620 1178 2708 paragrapho
1198 2623 1238 2687 27

239 2710 301 2783 τὸν
329 2711 436 2803 νόμον
464 2722 527 2787 sihi
553 2719 709 2810 μάρτυρα
738 2745 808 2789 esse
838 2723 941 2803 dicat,
968 2723 1174 2811 paragrapho
1198 2725 1239 2789 28

236 2821 288 2886 his
295 2824 416 2908 pergit:
428 2828 577 2908 γενέσθω
589 2829 704 2892 τοίνυν
711 2826 801 2891 ΚΑΙ
806 2828 909 2892 τοῦτο
920 2823 1000 2909 υμῖν
1015 2820 1241 2912 τεκμήριον,

239 2926 332 3011 quasi
361 2935 459 2990 antea
483 2949 548 2992 non
569 2929 753 2994 testimonia
775 2928 832 2992 sed
854 2939 1044 3013 argumenta
1066 2929 1242 3015 protulerit.

241 3050 279 3092 ao
300 3026 451 3094 facillime
472 3028 543 3093 fieri
563 3030 678 3116 potuit,
700 3038 737 3094 ut
757 3040 866 3096 orator
885 3031 1009 3096 iudices
1024 3034 1168 3098 oratione
1183 3054 1243 3098 sua

235 3129 368 3199 falleret.
427 3133 545 3196 etenim
579 3133 677 3197 etiam
706 3134 733 3197 si
760 3155 825 3200 non
854 3135 1099 3217 Demosthenis,
1134 3144 1242 3200 tamen

241 3234 375 3299 aliorum
394 3241 558 3300 oratorum
579 3237 678 3301 moris
700 3244 758 3318 est,
779 3246 815 3302 ut
837 3238 1029 3304 documenta
1049 3247 1140 3304 muta
1161 3231 1244 3323 μοίρ-

239 3361 341 3424 τυρας
363 3338 479 3404 dioant.
502 3338 540 3403 of.
564 3338 690 3424 [Dem]
712 3339 922 3407 XXXXVII.
940 3342 995 3432 24.
1018 3337 1244 3425 novissisimo

240 3436 456 3527 μάρτυρας
487 3441 672 3526 παρέξομαι
693 3439 742 3509 τό
772 3467 815 3509 τε
844 3437 1043 3535 ψήφισμα
1071 3447 1138 3510 καὶ
1167 3439 1245 3511 τὸν

239 3544 380 3626 νόμον,
402 3551 514 3611 ἔπειτα
535 3547 597 3624 τὴν
621 3541 727 3631 ἀρχὴν
748 3540 856 3628 αὐτὴν
877 3540 939 3627 τὴν
953 3547 1173 3632 παραδοῦσαν
1188 3553 1245 3617 καὶ

243 3647 486 3732 εἰσαγαγοῦσαν
520 3652 563 3724 είς
597 3640 635 3715 τὸ
665 3649 892 3736 δικαστήριον,
924 3654 1074 3717 Aesohin.
1104 3652 1164 3720 ΙΙΙ.
1193 3656 1244 3720 31.

241 3742 452 3835 μα’ρτνρας
474 3745 546 3833 ἅμα
568 3747 663 3827 τοὺς
684 3747 830 3837 νόμους
852 3756 920 3819 καί
936 3747 1246 3844 ταψηφίσματα

245 3852 302 3915 καὶ
324 3846 400 3926 τούς
423 3850 612 3930 ἀντιδίκους
634 3849 854 3942 παρεχόμενος
876 3857 1079 3942 maximeque
1096 3855 1247 3924 Aesohin.

243 3952 286 4020 ΙΙ.
320 3954 370 4018 31.
408 3957 464 4019 καὶ
503 3949 641 4022 πάντων
677 3950 725 4024 ὦν
760 3958 886 4042 εἴποιμι
918 3950 1138 4045 μάρτυρας
1174 3951 1247 4034 τοὶς

245 4057 416 4121 ἐκείνων
444 4052 674 4135 ἐπιστολὰς
704 4055 910 4146 παρειχόμην
939 4064 1010 4126 καὶ
1041 4055 1090 4125 τοί
1112 4063 1246 4150 ψηφί-

247 4181 387 4244 σματα
402 4158 464 4224 τοῦ
475 4154 581 4242 δήμου
597 4163 669 4226 καὶ
686 4157 759 4237 τὰς
772 4164 1077 4236 Καλλισθένους
1092 4156 1247 4248 ἀνοχάς,

246 4285 309 4350 quo
345 4262 474 4351 quidem
510 4263 581 4329 looo
610 4266 745 4330 oratoris
775 4265 913 4335 audacia
943 4286 1007 4331 non
1036 4265 1153 4335 lenitur
1185 4266 1248 4352 syl-
