3060 4658
701 286 911 350 -20-

258 460 302 531 εὶς
317 453 413 540 ὑμᾶς.
447 455 592 520 uidemus
604 454 848 542 Theophemum
862 453 1022 542 quendam
1037 453 1078 521 ab
1091 474 1225 519 caussae
1240 461 1347 518 actore

258 559 448 623 iniuriarum
481 566 667 623 accusatum
701 581 788 639 esse,
820 559 1014 624 contrariam
1048 567 1155 622 autem
1189 558 1348 622 actionem

259 663 440 727 accusatori
469 683 490 725 a
519 659 725 747 Theophemo
755 662 911 725 intentam
944 682 1022 725 esse.
1073 671 1241 746 utramque
1270 682 1348 724 uero

260 767 418 831 actionem
448 766 621 850 separatim
659 785 680 829 a
709 764 843 850 singulis
879 764 1027 828 diaetetis
1057 765 1248 829 instructam
1278 784 1349 828 esse

259 876 400 935 constat:
415 889 491 931 nam
507 875 546 931 et
560 867 741 932 diaetetae
755 877 1045 933 commemorantur
1059 877 1092 933 et
1110 867 1223 932 dicae
1234 868 1269 954 ¹).
1310 888 1349 931 ao

259 996 300 1037 ne
321 972 488 1036 existimes
512 970 592 1036 duas
613 971 693 1035 istas
716 969 804 1034 dicas
826 979 939 1056 postea
961 972 1148 1035 coniunctas
1170 989 1254 1034 esse:
1284 988 1350 1033 non

258 1075 365 1163 plures
388 1074 547 1140 diaetetae
568 1071 689 1159 publici
711 1094 809 1138 unam
832 1074 921 1137 litem
943 1073 1109 1169 diudicare
1140 1072 1349 1156 dehebant2).

259 1181 325 1243 iam
349 1200 427 1243 uero
450 1198 523 1242 cum
545 1177 579 1239 in
602 1197 640 1241 eo
664 1186 762 1257 esset,
791 1185 827 1241 nt
849 1177 966 1242 actoris
998 1177 1137 1241 diaeteta
1158 1175 1349 1242 sententiam

260 1281 393 1363 faceret,
407 1278 633 1367 Theophemus
650 1280 855 1366 paragrapho
870 1290 902 1345 et
916 1279 1139 1366 hypomosiafl)
1154 1278 1350 1364 interpositis

259 1383 418 1470 prohibet,
441 1392 473 1448 et
494 1385 652 1447 actionem
674 1406 767 1449 snam
789 1384 831 1449 ad
853 1383 976 1448 iudices
998 1383 1114 1464 defert,
1143 1384 1198 1469 qui
1220 1381 1349 1469 quidem

260 1486 343 1552 falso
373 1487 556 1552 testimonio
587 1486 713 1573 decepti
736 1495 875 1551 actorem
905 1486 1120 1567 condemnant
1128 1485 1163 1571 ⁴).
1206 1485 1350 1550 narratio
1440 1525 1443 1528 ·

259 1590 390 1655 breuior
406 1597 463 1671 est,
478 1597 514 1653 ut
528 1590 719 1654 coniecturis
739 1589 824 1654 latus
839 1599 949 1677 pateat
964 1611 1110 1676 campus:
1125 1611 1186 1674 ego
1201 1588 1351 1674 equidem

261 1714 310 1777 ea,
333 1714 417 1779 qnae
431 1692 548 1758 Pollux
571 1691 660 1758 VIII.
676 1694 718 1758 58
734 1692 820 1772 dicit,
834 1693 1022 1758 recordatus
1042 1714 1231 1779 persuasum
1245 1691 1350 1757 habeo

263 1796 506 1884 Theophemum
536 1795 740 1883 paragraphe
768 1817 827 1860 sua
857 1797 1044 1882 exposuisse
1073 1795 1290 1883 antigraphen
1318 1817 1354 1860 se

260 1900 451 1982 intendisse,
482 1898 674 1986 antigraphe
702 1908 809 1963 autem
836 1901 962 1964 intenta
988 1921 1136 1964 caussam
1157 1901 1355 1965 contrariam

261 2026 326 2068 non
349 2005 414 2068 iam
436 2003 491 2086 agi
511 2023 616 2088 posse.
660 2001 777 2088 quibus
804 2003 958 2089 expositis
988 2003 1096 2069 diaeta
1116 2003 1195 2067 mihi
1222 2003 1370 2089 uidetur,

260 2106 362 2172 dilata
384 2128 463 2171 esse.
508 2127 591 2191 quae
613 2106 640 2168 si
661 2113 732 2169 erat
752 2127 859 2171 rerum
874 2106 1030 2181 condicio,
1053 2108 1137 2173 actio
1159 2105 1354 2195 antigraphe

262 2219 295 2275 et
317 2210 419 2276 dilata
439 2217 489 2274 est
511 2217 555 2289 et,
587 2230 660 2273 cum
682 2208 887 2275 aduersarius
911 2209 1103 2296 antigraphe
1124 2211 1271 2291 uicisset,
1304 2232 1352 2274 re·

263 2314 365 2379 scissa
375 2315 412 2400 ⁵).
454 2333 558 2398 neque
580 2313 664 2377 enim
686 2314 833 2396 equidem
856 2312 1079 2379 Schoemanno
1101 2314 1271 2393 assentior,
1296 2313 1351 2399 qui

334 2538 360 2603 1)
379 2535 414 2589 cf.
432 2535 497 2590 Mei.
516 2537 540 2590 tr
556 2535 681 2590 Schoem.
699 2536 751 2592 litt.
768 2537 852 2592 Attic.
870 2554 934 2610 pag.
954 2539 1013 2604 653,
1032 2537 1138 2592 Heffter
1155 2544 1223 2609 pag.
1237 2539 1298 2593 432.

333 2623 362 2693 2)
380 2621 416 2676 cf.
431 2622 528 2679 Meieri
545 2622 647 2678 librum
660 2623 709 2694 qui
724 2624 887 2679 inscribitur
905 2625 951 2678 die
963 2624 1272 2695 privatschiedsrichter
1289 2625 1350 2683 und

269 2708 314 2763 die
333 2708 512 2764 dffentliohen
532 2711 672 2765 diaeteten
689 2710 802 2778 Athens,
820 2711 899 2765 Halis
918 2713 994 2778 1846,
1011 2728 1076 2783 pag.
1094 2713 1111 2767 5
1130 2729 1227 2767 summ.
1246 2719 1275 2768 et
1287 2729 1349 2768 ora·

264 2795 349 2852 tionis
367 2799 434 2867 §56
457 2802 487 2851 et
503 2798 548 2867 47,
570 2780 656 2852 ubit
682 2793 823 2863 διαιτητής
851 2806 1090 2855 commemoratur.
1129 2800 1210 2854 aliter
1237 2801 1349 2870 quidem

264 2900 324 2937 rem
343 2884 464 2955 explicat
475 2884 592 2938 Platner
609 2883 647 2940 II.
661 2900 726 2956 pag.
746 2886 806 2952 201,
825 2887 873 2957 qui
888 2888 970 2942 haec:
988 2888 1050 2941 hier
1067 2886 1131 2940 sind
1145 2886 1190 2940 die
1208 2885 1351 2941 diaeteten

265 2976 404 3041 genennt,
430 2971 466 3025 da
484 2973 585 3026 vorher
602 2971 661 3026 und
685 2970 811 3025 nachher
833 2973 930 3027 immer
948 2992 1001 3029 nur
1018 2990 1072 3028 von
1095 2973 1186 3028 einem
1209 2973 1350 3028 diaeteten

262 3058 437 3129 gesprochen
455 3057 534 3115 wird
571 3058 659 3112 daran
684 3057 722 3111 ist
740 3060 792 3113 wol
810 3059 877 3114 hein
895 3067 1002 3116 anstoss
1025 3079 1061 3115 zu
1082 3062 1212 3126 nehmen,
1240 3059 1277 3113 da
1299 3060 1351 3112 der

263 3145 382 3215 pluralis
400 3145 558 3215 gebraucht
574 3145 651 3215 wird,
669 3162 721 3198 nm
740 3145 793 3200 die
816 3147 956 3203 instans
980 3166 1021 3203 zu
1042 3147 1262 3202 bezeichnen.
1298 3143 1349 3199 sed

171 3231 174 3237 '
267 3231 339 3286 haec
365 3232 504 3286 sententis
528 3233 676 3303 probanda
699 3239 833 3297 nonest,
860 3235 927 3306 quia
950 3235 1086 3290 articulus
1107 3239 1172 3289 ante
1196 3230 1350 3289 διαιτητῶν

265 3319 384 3372 omissus
397 3326 452 3373 eut:
465 3306 497 3367 Ol
506 3316 650 3385 διαιτηταί
659 3336 716 3374 non
726 3317 870 3386 διαιτηταί
875 3323 944 3378 ordo
958 3322 1143 3378 diaetetarum
1153 3319 1287 3375 dicendus
1299 3321 1350 3373 esi.

334 3405 362 3476 3)
382 3406 417 3461 cf.
437 3405 563 3461 Schoem.
579 3405 632 3460 litt
649 3406 731 3460 Attio.
748 3423 814 3478 pag.
834 3410 893 3464 698.
911 3415 968 3463 not.
988 3414 1030 3464 11.

332 3493 361 3559 4)
379 3493 455 3562 quod
473 3492 508 3547 A.
521 3492 657 3548 Sohaefer
674 3492 740 3547 111ss
758 3510 824 3566 pag.
837 3497 889 3552 194
907 3495 989 3551 dicit:
1007 3490 1350 3551 iibereinstimmend
1437 3549 1439 3554 ,
1509 3448 1510 3471 l

264 3578 329 3632 mit
347 3579 423 3634 dem
442 3580 664 3651 ansepruche
690 3582 747 3635 des
767 3583 949 3637 diaeteten
965 3582 1126 3637 verurteilte
1145 3581 1195 3635 der
1216 3579 1351 3653 gerichts·

261 3665 315 3720 hof
334 3666 389 3720 den
407 3665 541 3738 sprecher
558 3670 588 3720 in
607 3666 652 3721 die
668 3667 769 3723 hoster
787 3673 848 3735 oet,
865 3670 940 3726 unde
956 3668 1009 3724 hoc
1025 3670 1068 3723 uir
1088 3667 1264 3723 doctissimus
1282 3666 1351 3720 hau·

262 3753 331 3806 serit
348 3754 478 3825 equidem
496 3771 553 3810 non
570 3754 690 3810 inuenio.

330 3840 359 3908 5)
377 3856 435 3911 qua
452 3841 562 3897 ratione
581 3859 683 3897 caussa
701 3858 720 3896 a
738 3842 860 3898 diaeteta
878 3844 915 3897 ad
939 3842 1046 3899 iudices
1064 3841 1221 3910 transierit,
1249 3855 1350 3911 parum

260 3926 385 3982 interest.
429 3928 512 3983 etiam
535 3930 559 3983 si
581 3946 679 3984 uerum
702 3934 745 3983 est
768 3931 843 4001 quod
861 3929 1060 3985 Hudtwalcher
1082 3929 1112 3983 in
1139 3927 1210 3982 libro
1237 3928 1286 3998 qui
1308 3926 1350 3979 in·

261 4013 394 4070 scribitur
411 4015 484 4071 iiber
502 4017 547 4071 die
561 4015 743 4073 o'ffentlichen
760 4017 819 4071 und
830 4016 1151 4087 privat-schiedsrichter
1161 4045 1196 4056 -
1209 4013 1349 4067 diaeteten

259 4134 294 4144 —
311 4102 341 4158 in
353 4102 458 4173 Athen,
475 4104 560 4160 Ienae
581 4106 659 4174 1812,
677 4121 742 4176 pag.
755 4105 815 4169 129,
833 4109 891 4159 not.
913 4103 954 4169 75,
974 4119 1092 4176 eumque
1107 4106 1219 4157 secutus
1231 4099 1351 4155 Platner

260 4189 297 4247 ΙΙ.
319 4208 386 4263 pag.
404 4193 457 4248 202
476 4192 570 4247 dixere
588 4193 780 4263 appellatione
802 4205 932 4244 caussam
950 4191 988 4244 ad
1011 4191 1118 4246 iudices
1137 4189 1260 4243 delatam
1279 4198 1352 4252 esse,

273 4294 356 4341 amen
374 4285 471 4335 nostra
483 4280 556 4335 ratio
574 4296 630 4334 non
642 4280 829 4352 perturbatur.
865 4293 930 4332 nam
948 4279 995 4334 fac
1008 4277 1218 4350 Theophemum
1237 4291 1255 4329 a
1273 4275 1353 4332 diae·
