3060 4658
703 223 914 289 „30-

267 399 322 483 qui
349 420 379 460 u.
411 396 440 461 d.
468 417 542 483 pag.
565 397 627 462 292
649 396 746 461 haec:
775 396 863 462 hatte
891 396 959 461 sich
989 395 1046 461 der
1071 395 1223 479 hcklagte
1251 396 1356 480 inquit

267 499 413 564 wirkiich
435 499 487 563 far
507 498 690 564 Parmenon
711 498 875 583 verbhrgt,
903 524 938 567 so
960 509 1046 563 witre
1070 497 1152 564 auch
1168 519 1278 583 *gegen
1299 497 1354 561 ihn

266 605 338 666 eine
368 601 601 686 handelsklage
638 602 779 687 aulassig
808 625 956 688 gewesen
970 604 1004 688 1),
1066 603 1120 665 cin
1148 600 1355 685 cigentlicher

267 703 533 789 handelsvertrag
563 704 635 789 lage
658 727 725 769 nun
747 705 818 770 hier
839 707 928 771 nicht
948 707 993 769 im
1014 704 1134 783 mittel,
1161 704 1212 768 die
1233 704 1354 768 rechte-

267 807 460 892 streitigkeit
489 807 588 873 selbst
616 807 745 873 bezieht
775 810 844 874 sich
866 832 927 874 nur
948 807 1110 872 mittelbar
1132 807 1264 886 darauf,
1294 828 1356 871 nur

156 958 162 971 .
264 911 407 1004 insofern
429 911 477 975 als
506 911 563 976 der
584 910 737 995 bcklagte
759 913 826 977 und
847 912 1031 977 Parmenon
1051 910 1128 996 geld
1149 909 1355 994 hcrgegeben

266 1015 377 1080 hatten
397 1038 453 1078 um
475 1013 528 1078 die
548 1013 717 1099 glaubiger
737 1014 794 1080 des
809 1016 988 1102 Apaturius
1012 1036 1070 1078 aus
1086 1015 1190 1079 einem
1205 1012 1354 1077 handels-

266 1127 417 1203 vcrtrags
441 1139 482 1180 au
502 1116 703 1202 befriedigen
724 1119 790 1183 und
810 1119 862 1184 die
878 1118 1010 1183 deshelb
1026 1117 1225 1204 geschehene
1239 1115 1353 1202 pfand-
1408 1196 1410 1199 ι

265 1221 443 1306 bestellung
470 1221 541 1284 eine
564 1221 759 1307 zwistigkeit
786 1222 945 1287 zwischen
968 1221 1151 1286 Parmenon
1180 1219 1246 1283 und
1268 1220 1355 1305 Apa·

265 1325 370 1388 turius
391 1306 634 1406 herbeifiihrt2).
677 1348 736 1390 nec
750 1349 823 1392 mea
838 1326 997 1391 sententia
1012 1346 1049 1389 eo
1064 1325 1254 1405 infirmatur,
1268 1322 1356 1409 quod

265 1437 354 1493 actor
374 1448 440 1491 non
461 1436 528 1490 tam
549 1437 649 1511 negat
669 1427 757 1493 litem
777 1431 1001 1495 mercatoriam
1017 1429 1079 1493 sibi
1094 1426 1219 1492 intendi
1233 1426 1355 1491 licitum

265 1552 346 1610 esse,
368 1552 465 1616 quam·
486 1553 538 1595 res
562 1532 604 1596 ab
618 1531 777 1618 Apaturio
800 1533 914 1597 allatas
935 1533 1027 1597 fictas
1049 1552 1120 1596 esse
1142 1530 1354 1603 demonstrat:

265 1635 474 1719 nequeenim
496 1644 656 1699 oratorem
677 1656 809 1721 prorsus
832 1635 916 1719 fugit
937 1635 971 1698 id
992 1635 1194 1721 potissimum
1217 1632 1279 1696 sibi
1300 1632 1354 1696 de-

264 1736 508 1802 monstrandum
535 1759 606 1801 csse
633 1747 831 1803 contractum
861 1739 1086 1803 mercatoriam
1107 1734 1230 1800 nullum
1252 1737 1355 1800 actori

264 1861 335 1904 esse
356 1862 428 1903 cum
451 1841 609 1926 Apaturio
630 1880 672 1888 -
695 1841 735 1906 cf.
756 1842 787 1906 3.
810 1840 913 1908 ἄλλου
934 1842 970 1906 δὲ
990 1842 1253 1926 συμβολαίου
1279 1835 1354 1906 οὐκ

266 1935 389 2018 ὄντος
405 1945 478 2027 ἐμοὶ
493 1937 575 2029 πρὸς
591 1944 712 2010 τοῦτον
726 1940 995 2034 παρεγραψάμην
1010 1949 1079 2010 κτλ.
1093 1948 1139 2009 13.
1151 1937 1236 2030 μοτοὶ
1248 1948 1355 2009 ταῦτα

266 2047 381 2139 τοίνυν
395 2047 468 2129 ἐμοὶ
489 2048 551 2131 μὲν
572 2040 669 2112 οὔτε
688 2047 831 2131 μεῖζον
852 2041 934 2113 οὔτ’
949 2050 1130 2115 ἔλαττον
1153 2044 1236 2133 πρὸς
1251 2042 1355 2110 αὐτὸν

265 2149 532 2232 συμβόλαιον
553 2156 747 2235 γέγονεν,
762 2189 804 2198 -
819 2149 877 2214 sed
891 2152 1133 2237 quoniamfines
1147 2151 1226 2216 iuris
1242 2148 1353 2212 dictio-

266 2273 344 2315 num
364 2252 502 2318 Athenis
522 2254 629 2317 minus
652 2263 800 2318 accurate
820 2255 1010 2341 praescripti
1032 2263 1132 2336 erant,
1161 2254 1261 2317 tutius
1283 2250 1352 2315 fore

266 2356 463 2421 existimauit
497 2359 687 2443 praesertim
724 2357 811 2446 apud
847 2359 969 2422 iudices
1006 2358 1085 2421 iuris
1114 2356 1295 2442 imperitos,
1324 2350 1352 2417 si

268 2479 332 2521 non
361 2459 456 2524 modo
486 2459 608 2524 nullum
637 2469 835 2526 contractum
864 2463 1106 2542 mercatorium,
1135 2459 1191 2524 sed
1223 2458 1352 2523 omnino

265 2560 344 2624 nihil
365 2564 474 2647 negoti
489 2562 552 2626 sibi
565 2584 638 2626 cum
653 2562 811 2651 Apaturio
827 2586 898 2629 esse
913 2562 1236 2648 demonstrauisseu).
1268 2559 1351 2625 adde

267 2663 354 2749 quod
382 2686 452 2729 mos
481 2674 550 2729 tum
570 2662 708 2731 Athenis
729 2670 985 2751 inueterauerat,
1010 2677 1046 2733 ut
1068 2667 1265 2752 excipientes
1287 2684 1352 2727 non

268 2766 369 2831 solum
384 2769 588 2856 exceptiones
603 2791 679 2835 suas
689 2770 849 2855 legitimas
860 2792 931 2837 esse
941 2770 1101 2835 iudicibus
1113 2769 1352 2855 persuaderent,

268 2870 443 2937 sedetiam
465 2894 598 2938 caussas
620 2896 696 2939 suas
717 2874 864 2940 meliores
886 2896 957 2939 esse
979 2874 1123 2940 oratione
1145 2871 1258 2937 eadem
1279 2892 1351 2957 pro-

269 2972 384 3039 barent
394 2977 431 3063 ⁴).
475 2976 613 3063 denique
643 2977 685 3042 ad
715 2986 893 3043 extremum
921 2999 962 3042 nc
989 2978 1060 3064 quis
1089 2978 1237 3058 miretur,
1267 2972 1353 3060 quod

336 3199 365 3267 1)
386 3198 504 3255 eandem
521 3199 551 3253 in
567 3200 732 3254 sententiam
751 3199 878 3254 Blassius
895 3215 961 3271 pag.
978 3200 1031 3253 514
1048 3199 1131 3253 haec:
1149 3215 1207 3252 war
1225 3198 1284 3252 dies
1303 3197 1353 3250 der

267 3280 327 3348 fall,
346 3284 446 3354 inquit,
465 3286 502 3356 (si
519 3292 598 3341 actor
614 3303 666 3357 pro
683 3286 873 3342 Parmenonte
890 3302 973 3357 praes
991 3285 1085 3340 factus
1103 3288 1195 3354 esset),
1220 3303 1251 3340 so
1270 3283 1353 3338 stand

217 3380 225 3389 ·
269 3368 321 3423 auf
330 3371 424 3441 grund
434 3371 524 3427 dieses
533 3371 878 3444 geschhftsverhttltnieses
888 3373 934 3428 die
941 3372 1146 3442 handelsklage
1155 3373 1218 3426 dem
1224 3374 1280 3444 Ap.
1291 3370 1351 3424 frei.

334 3456 363 3527 2)
379 3460 560 3527 posteriorem
579 3458 663 3513 huius
680 3460 836 3514 sententiae
847 3466 957 3531 partem
972 3460 1088 3515 uerbum
1101 3476 1136 3513 ex
1147 3460 1235 3517 uerbo
1249 3457 1352 3512 11111-

267 3538 385 3597 man'nus
403 3561 469 3617 pag.
488 3546 504 3600 8
523 3546 643 3617 repetiit.
678 3610 680 3615 ,

336 3631 365 3701 3)
382 3630 419 3686 cf.
437 3631 552 3687 Platner
575 3633 594 3690 l.
619 3634 671 3689 cl.:
706 3633 751 3687 die
770 3632 823 3687 auf
843 3633 920 3688 disse
937 3632 1085 3687 umetiinde
1107 3633 1247 3702 gestiitzte
1271 3645 1352 3700 para-

267 3719 374 3789 grapho
392 3719 535 3774 boaweckt
559 3721 605 3773 die
627 3719 792 3790 abacisung
816 3720 866 3775 der
883 3720 969 3791 klage
993 3736 1045 3774 aus
1064 3720 1125 3774 dem
1145 3719 1265 3788 grande,
1290 3715 1354 3770 weil

268 3805 313 3859 die
330 3798 482 3861 tatsachen'
495 3807 612 3861 unwahr
629 3806 689 3861 und
707 3807 847 3863 erdichtet
865 3808 941 3872 sind,
969 3807 1038 3862 aber
1055 3807 1133 3861 nicht
1152 3806 1267 3874 darum,
1291 3801 1353 3856 weil

268 3891 412 3948 diesclben
430 3909 467 3947 an
484 3895 542 3949 und
566 3893 613 3949 fiir
635 3894 696 3948 sich
717 3910 754 3947 zu
778 3893 877 3949 koiner
904 3893 1107 3965 handelsklage
1130 3893 1190 3946 sich
1212 3892 1352 3962 eigneten.

266 3978 288 4032 1.
307 3979 485 4035 Hermannus
511 3997 578 4052 pag.
595 3981 612 4035 8
629 3979 794 4035 Platnerum
815 3981 856 4035 ita
877 3981 1014 4052 sequitur,
1032 3986 1063 4035 ut
1081 3997 1116 4035 ne
1133 3979 1222 4034 uerba
1240 3978 1353 4050 quidem

266 4067 465 4138 immutanerit,
483 4084 652 4140 quamquam
670 4074 811 4123 auctorem
830 4085 910 4122 sunm
928 4086 984 4124 non
1003 4069 1111 4123 laudat.

222 4175 227 4185 ·
335 4156 364 4226 4)
381 4157 417 4210 cf.
437 4153 564 4209 Schoem.
583 4155 618 4208 de
635 4155 691 4210 litt.
709 4157 768 4210 Att.
785 4170 851 4227 pag.
869 4156 922 4210 650
939 4156 1011 4209 med.
1035 4162 1063 4210 et
1080 4154 1291 4229 Volkmannus,
1318 4153 1353 4208 de

267 4241 440 4309 Graecorum
458 4247 518 4304 arte
536 4241 685 4321 rhetorica,
703 4241 827 4299 Berolini
846 4244 923 4311 1872,
941 4260 1009 4317 pag.
1026 4243 1067 4299 57.
1154 4308 1157 4312 ,
