3060 4658
588 270 713 335 -247
759 307 798 317 .-

148 434 241 500 ratio.
298 437 366 519 ‚tris
393 440 456 503 res‘
482 449 519 506 ut
548 440 594 505 ait
616 438 807 507 Oomificius
818 439 844 526 1)
873 438 953 507 rhet.
983 440 1025 506 ad
1046 440 1186 507 Herenn.
1208 440 1235 508 Ι.

148 539 178 602 9.
203 539 254 607 14.
284 544 444 618 ‚conuenit
465 543 584 609 habere
604 545 831 627 narrationem,
852 553 889 609 ut
909 543 1020 610 breuis
1040 552 1077 609 ut
1098 544 1238 608 dilucida

148 649 185 705 ut
206 643 277 706 ueri
299 644 408 709 similis
435 647 495 710 sit.‘
537 646 737 734 probabilem
758 647 887 736 quidem
902 656 935 712 et
948 649 1152 735 perspicuam
1167 668 1238 711 esse

146 746 367 813 narrationem
404 750 556 816 orationis
589 749 742 815 XXXIII
775 752 889 836 negari
920 773 985 817 non
1023 758 1145 838 potest,
1180 749 1238 814 sed

148 848 343 915 breuitatem
366 853 514 939 equidem
535 853 657 919 nullam
678 852 781 918 uideo.
832 856 950 920 etenim
972 875 1055 940 quae
1076 854 1141 917 iam
1163 851 1238 916 inde

148 973 168 1013 a
199 954 407 1040 paragrapho
433 966 548 1045 quarta
567 956 730 1044 usquead
751 956 992 1043 paragraphum
1014 956 1238 1021 duodecimam

148 1065 338 1138 narrantur,
376 1067 412 1123 ut
440 1062 579 1146 priorem
609 1065 807 1125 contractum
837 1058 976 1124 solutum
1006 1080 1076 1124 csse
1107 1058 1237 1124 demon·

149 1167 283 1236 stretur,
312 1159 414 1227 multo
442 1162 650 1249 paucioribus
676 1160 783 1227 uerbis
806 1160 931 1226 absolui
952 1170 1109 1247 poterant.
1161 1185 1237 1226 nam

147 1261 179 1325 id
207 1285 309 1327 unum
338 1264 471 1330 interest
500 1266 582 1329 scire
609 1264 748 1347 iudices,
781 1272 887 1329 exstet
912 1274 1096 1330 contractus
1117 1286 1239 1330 necne:

152 1365 266 1450 quibus
296 1377 403 1433 autem
432 1369 620 1455 exponitur,
650 1390 715 1455 qua
739 1369 864 1434 ratione
886 1369 992 1455 pactio
1014 1367 1070 1432 illa
1091 1366 1246 1432 confecta‘

154 1470 196 1554 sit,
219 1492 260 1535 ea
283 1472 310 1536 si
331 1494 396 1537 non
417 1494 550 1559 prorsus
573 1473 685 1552 otiosa,
706 1479 816 1536 tamen
837 1472 937 1537 multo
951 1469 1099 1555 longiora
1115 1472 1237 1556 sunt2).

233 1595 293 1639 nec
323 1577 558 1659 argumentatio
584 1574 705 1640 nullam
735 1574 939 1663 uituperandi
961 1596 1074 1639 ansam
1095 1573 1239 1660 praehet.

147 1699 212 1741 non
234 1699 355 1763 premo,
377 1679 462 1763 quod
484 1679 667 1744 testimonio
688 1678 858 1766 probatam
878 1700 948 1743 esse
962 1699 1031 1742 rem
1046 1678 1132 1758 dicit,
1146 1679 1238 1743 cuius

147 1782 195 1844 rei
219 1782 310 1846 testis
332 1803 396 1846 non
418 1769 594 1868 productus
620 1790 669 1846 est
692 1819 731 1829 —-
755 1782 796 1845 cf.
817 1785 844 1861 ξ.
868 1782 918 1847 30.
940 1775 1029 1846 oillei
1048 1774 1117 1864 μὴν
1136 1779 1238 1845 τοῦτο

146 1876 396 1970 μεμαρτύρηται
418 1883 514 1969 ὑμῖν,
545 1880 598 1951 ὅτι
620 1934 627 1948 .
650 1939 657 1952 .
680 1938 686 1951 .
710 1939 717 1951 .
740 1879 874 1963 ἐζήτουν
896 1889 1007 1968 ἑτέρας
1031 1878 1237 1968 [συνθήκας]

148 1979 343 2074 γράφεσθαι
371 1990 499 2056 κτλ.ὀ1.
523 1989 629 2070 ξ.19,
658 1985 715 2051 uhi
747 1986 868 2051 nullum
891 1996 998 2052 exstat
1018 1986 1237 2051 testimonium

148 2126 187 2137 —
210 2112 287 2155 nam
316 2091 376 2156 hoc
399 2101 468 2157 arte
490 2100 693 2179 procreatum
715 2089 811 2155 alicui
832 2091 996 2155 uideatur:
1023 2089 1080 2155 sed
1101 2112 1166 2154 non
1187 2090 1235 2152 in·

147 2194 231 2258 iuria
259 2193 542 2282 reprehendendus
571 2194 700 2259 uidetur
728 2195 761 2258 in
793 2216 848 2274 eo,
876 2194 962 2280 quod
984 2198 1012 2276 ξ.
1035 2194 1085 2258 30.
1113 2193 1237 2257 firmius

146 2308 369 2382 argumentum
400 2297 482 2383 (πῶς
513 2297 628 2386 ὀρθῶς
650 2288 694 2362 ἂν
716 2298 789 2381 ἐμοὶ
811 2292 997 2378 δικάζοιτο,
1023 2291 1101 2361 καθ’
1128 2289 1168 2361 οὗ
1187 2288 1236 2376 μὴ

148 2401 210 2484 ἔχει
236 2403 476 2486 παρασχέσθαι
506 2396 692 2485 συνθήκας)
722 2412 794 2486 post
825 2399 981 2464 infirmius
1007 2396 1107 2486 (πολὺ
1128 2393 1235 2486 γοὶρὸ

146 2496 243 2586 λόγος
265 2497 308 2581 ἦν
328 2528 387 2587 μοι
409 2498 615 2591 ἰσχυρότερος
637 2500 858 2588 ὁμολογοῦντι
879 2496 941 2581 τὴν
962 2498 1081 2587 ἐγγύην
1102 2502 1155 2566 ἐπὶ
1173 2494 1235 2575 τὰς

146 2607 322 2684 συνθήκας
345 2609 443 2693 ἱέναι)
465 2607 643 2688 collocauit,
665 2616 702 2670 ut
722 2628 827 2692 paene
847 2606 1010 2687 latemur).

231 2708 391 2794 epilogum
408 2709 555 2796 denique,
577 2709 725 2797 quamuis
739 2708 898 2775 breuitate
914 2731 974 2774 sua
988 2707 1140 2774 notabilis
1155 2709 1235 2791 sit⁴)‚

145 2822 254 2876 tamen
283 2813 431 2900 equidem
460 2803 524 2878 non
552 2811 828 2901 reprehenderim:
865 2834 941 2876 nam
972 2814 1090 2897 optime
1119 2811 1235 2877 actoris

144 2915 262 2981 rationi
284 2925 316 2980 et
338 2915 479 2981 moribus
501 2917 659 2994 conuenit,
682 2915 737 3000 qui
756 2914 885 3001 quidem
901 2915 986 2980 bona
1002 2936 1119 2979 caussa
1133 2914 1235 2978 fretus

144 3018 285 3084 iudicum
308 3017 558 3085 beniuolentiam
580 3031 712 3104 captare
734 3040 800 3083 non
823 3019 898 3083 uolt.
1201 3022 1203 3027 ’

229 3121 321 3186 Haec
348 3123 388 3187 do
416 3123 626 3211 dispositione
657 3120 846 3187 disseruisse
870 3124 948 3187 satis
970 3120 1085 3188 habeo.
1138 3120 1233 3184 uenio

87 3211 89 3214 Α
145 3246 229 3290 nunc
259 3226 303 3291 ad
329 3226 558 3308 elocutionem,
586 3249 628 3291 ex
655 3248 720 3312 qua
746 3226 895 3292 facillime
916 3227 1138 3310 intellegemus
1161 3246 1231 3289 ora-

145 3329 262 3394 tionem
296 3330 380 3396 hanc
410 3355 430 3396 a
460 3330 679 3396 Demosthene
708 3331 906 3419 conpositam
937 3353 1008 3397 esse
1035 3352 1099 3395 non
1128 3351 1231 3417 posse.

146 3454 182 3496 ae
203 3433 341 3518 primum
364 3436 494 3523 quidem

146 3626 347 3635 Qum—..⁴-

214 3739 239 3808 1)
259 3738 294 3791 cf.
314 3738 507 3795 Volkmannus
525 3758 589 3812 pag.
610 3743 660 3795 113
678 3757 773 3810 pron·

209 3826 240 3895 2)
257 3823 295 3881 cf.
312 3825 441 3883 Cornific.
460 3829 531 3883 rhet.
546 3831 583 3883 ad
601 3828 724 3883 Herenn.
742 3828 765 3884 Ι.
784 3830 809 3882 9.
828 3829 874 3880 14:
895 3843 955 3880 rem
973 3824 1097 3879 breuiter
1114 3841 1230 3878 narrare

144 3911 303 3982 poterimus,
321 3913 345 3966 si
363 3914 428 3968 inde
446 3916 611 3985 incipiemus
630 3931 756 3983 narrare,
775 3914 849 3967 unde
867 3927 983 3967 necesse
1003 3909 1065 3979 erit,
1083 3916 1112 3963 et
1130 3911 1154 3962 si
1173 3926 1232 3963 non

84 4047 87 4052 .
146 3999 179 4053 ab
197 3999 293 4054 ultimo
312 4000 391 4054 initio
409 4007 535 4070 repetere
553 4003 691 4056 uolumus.
870 3990 873 3995 ¹

211 4086 239 4157 3)
257 4085 293 4141 cf.
313 4086 370 4141 Cic.
390 4086 425 4140 de
442 4104 482 4141 or.
501 4087 591 4144 1477.
610 4089 676 4144 313:
695 4088 778 4142 etiam
795 4085 826 4138 in
843 4084 891 4138 illo
904 4082 1078 4154 reprehendo
1097 4096 1153 4144 eos,
1171 4079 1230 4148 qui,

148 4188 216 4242 quae
235 4174 347 4229 minime
366 4172 448 4227 firma
466 4178 538 4243 sunt,
557 4190 591 4227 ea
608 4175 699 4244 prima
717 4172 863 4227 collocant.

208 4262 236 4333 4)
254 4260 292 4317 cf.
313 4261 476 4319 Volkmann.
495 4278 561 4334 pag.
580 4263 640 4317 214.
