3060 4658
673 287 884 350 -70-

234 467 340 525 aetate
369 459 449 540 πρὶν
470 451 491 535 ἤ
515 456 681 523 dicebatur
705 459 774 523 dus
794 479 860 522 non
883 456 1065 535 dicebatur,
1088 455 1168 521 nihil
1191 455 1324 519 adiuua-

233 584 305 627 mur
326 562 360 627 in
382 583 422 625 ea
443 583 540 647 quam
562 583 623 626 nos
643 560 737 627 nobis
764 561 989 649 proposuimus
1011 560 1199 645 quaestione
1221 555 1325 623 diudi-

234 665 355 746 canda,
386 669 463 728 num
490 663 718 730 Demosthenis
752 665 794 728 sit
825 664 929 730 oratio
955 662 1117 728 XXXIII.
1147 682 1223 726 nam
1253 660 1326 746 quis

234 767 366 841 tandem
385 766 559 854 spondebit
579 767 602 847 ἢ
623 767 665 832 ab
688 766 842 832 orationis
868 768 1023 853 scriptore
1044 766 1224 854 profectum
1246 785 1327 843 esse,

233 893 307 935 cum
329 869 530 957 Thucydidis
557 871 593 935 in
618 870 710 936 libris
736 862 758 950 ἥ
779 879 853 957 post
879 871 958 955 αρίν
981 869 1022 935 ab
1044 868 1185 940 librariis
1206 876 1326 939 temere

236 974 381 1039 additum
405 994 475 1038 esse
497 972 704 1039 tacuerimus?

318 1080 346 1158 ἓ.
370 1077 419 1141 38.
464 1077 543 1142 ἄνευ
570 1075 629 1157 τῆς
658 1071 779 1142 τούτου
800 1071 931 1160 γνώμης
953 1069 1169 1141 ἀπολώλασιν
1192 1077 1228 1139 αἱ
1251 1094 1326 1139 σνν-

232 1178 358 1257 durus:
381 1180 484 1247 uerba
505 1173 584 1246 ἄνευ
605 1179 663 1259 τῆς
686 1173 807 1244 τούτου
827 1175 959 1263 γνώμης
981 1178 1098 1263 (inuito
1120 1178 1196 1262 isto)
1223 1176 1326 1243 simile

233 1281 321 1369 quid,
342 1284 429 1369 quod
451 1284 561 1366 seiam,
583 1305 648 1348 non
670 1281 839 1368 habente:
889 1303 974 1368 quae
996 1281 1043 1346 eis
1064 1281 1229 1346 connatis
1251 1287 1328 1345 sunt

231 1387 329 1469 μετὰ
346 1385 405 1462 της
435 1379 566 1472 γρώμης
588 1381 689 1465 Ιτινὸς
719 1394 794 1451 sunt
817 1385 942 1471 [Dem]
964 1384 1072 1449 XXV.
1096 1385 1137 1449 10
1158 1374 1244 1466 μετὰ
1266 1379 1327 1460 τῆς

232 1483 391 1575 ὑμετέρας
413 1481 547 1575 γνώμης
570 1477 663 1554 οὗτοι
688 1487 798 1552 ταῦτα
819 1487 987 1571 ποιοῦσιν,
1016 1497 1049 1552 et
1067 1487 1147 1554 [sae.
1169 1486 1212 1552 11.
1234 1488 1254 1551 8
1277 1489 1326 1548 ta·
1349 1575 1351 1579 .

232 1588 350 1656 δοῦναι
372 1585 465 1676 ἄλλῳ
488 1585 597 1671 αὐτὴν
618 1585 703 1675 μετὰ
726 1589 786 1669 τῆς
808 1586 940 1676 γνώμης
962 1590 1022 1669 τῆς
1045 1587 1174 1658 ἑαυτοῦ.

215 1813 216 1817 ,
312 1762 411 1829 Haec
448 1764 489 1829 de
531 1763 639 1831 uerbis
675 1762 911 1849 uerborumque
944 1772 1104 1832 structura
1138 1760 1328 1850 exposuisse

234 1864 313 1930 satis
335 1865 447 1933 habeo.
497 1867 595 1931 etiam
618 1867 646 1931 si
668 1864 908 1931 concedendum
931 1875 1066 1933 estnon
1088 1865 1192 1931 nullas
1216 1886 1326 1955 earum

232 1986 350 2047 rerum,
372 1989 454 2053 quas
476 1970 597 2052 notaui,
618 1969 755 2035 leuiores
777 1991 858 2051 esse,
879 1979 988 2034 tamen
1010 1978 1043 2034 et
1062 1970 1215 2035 articulus
1230 1967 1327 2033 nimis

234 2087 331 2155 saepe
353 2058 539 2138 nominibus
561 2073 699 2161 propriis
722 2072 860 2153 additus,
883 2085 915 2137 et
937 2094 985 2153 ea,
1008 2093 1091 2158 quae
1114 2077 1163 2157 ἐξ.
1183 2070 1260 2140 4.5.
1278 2071 1329 2137 13.

211 2171 284 2257 117.
306 2173 358 2239 21.
381 2173 431 2239 29.
456 2175 505 2241 30.
530 2176 572 2241 33
595 2177 714 2263 scripta
737 2186 821 2259 sunt,
843 2175 1106 2241 aDemosthenis
1128 2198 1246 2262 genere
1261 2181 1330 2238 tam

205 2300 207 2303 ·
233 2272 340 2339 aliena
369 2275 449 2345 mihi
475 2278 627 2346 uidentur
650 2282 734 2363 esse,
763 2290 799 2344 ut
822 2278 873 2344 uel
894 2287 1026 2366 propter
1048 2278 1128 2344 haec
1151 2280 1330 2345 orationem

234 2374 388 2441 XXXIII
412 2379 468 2445 alii
498 2383 647 2469 scriptori
672 2381 876 2448 tribuendam
899 2405 970 2447 esse
992 2405 1152 2449 censeam.
1202 2378 1259 2447 sed
1280 2403 1331 2446 re-

232 2479 321 2578 liqua
348 2504 474 2570 quoque
505 2486 682 2552 uideamus.
735 2494 831 2553 antea
860 2493 968 2550 autem
998 2508 1095 2574 quarn
1124 2487 1167 2552 ad
1196 2484 1332 2552 alteram

235 2583 274 2648 de
302 2584 480 2653 elocutione
510 2588 703 2677 particulam
724 2599 924 2671 transeam,
961 2590 1069 2656 faeere
1100 2612 1165 2655 non
1198 2611 1331 2676 possum

234 2689 312 2774 quin
338 2711 486 2757 moneam
519 2694 635 2757 miram
669 2692 833 2779 quandam
864 2692 1106 2759 similitudinem
1133 2692 1335 2758 intercedere

233 2793 316 2859 Inter
353 2803 484 2862 nostrae
499 2796 667 2863 'orationis
697 2794 938 2884 paragraphum
968 2795 1009 2860 36
1040 2806 1072 2861 et
1100 2796 1332 2903 Demosthenis

234 2897 387 2962 orationis
410 2897 569 2965 XXVIII.
592 2898 834 2985 paragraphum
857 2898 894 2964 5:

234 2999 428 3086 [XXXIII]
452 3002 502 3067 36.
526 2994 647 3066 τούτου
661 3007 755 3067 ἕνεκα
783 3007 786 3091 l
814 3000 975 3066 XXVIII.
998 3003 1027 3066 5.
1061 2997 1132 3068 ἀλλ’
1160 3004 1257 3088 ἐχρῆν
1286 3056 1293 3071 .
1328 3057 1335 3068 .

114 3140 118 3147 ·
234 3096 561 3189 σημηνάμενοι
596 3096 785 3169 τίθενται’
815 3105 1105 3180 ,εἰσκαλέσαντας
1162 3098 1336 3191 μάρτυρας

234 3208 312 3293 παρ’
335 3202 383 3281 οἷς
406 3199 693 3287 θνιιισιεώσωσιν,
709 3210 753 3273 ἵν’
814 3201 958 3283 πολλοὺς
1020 3205 1334 3293 παρασημήναὲ

235 3304 312 3374 ἐών
341 3322 379 3372 ’τι
409 3304 756 3401 ἀντιλέγωσιν,η”
815 3313 923 3377 σθαι
953 3310 1101 3377 κελεῦσαι
1121 3306 1182 3388 τὰς
1211 3308 1336 3391 διαθή-

235 3407 404 3487 aurose
445 3413 754 3480 ἐπανελθοῦσιν
815 3438 892 3496 κας,
922 3419 969 3480 ἵν’
1002 3413 1039 3478 εἰ’
1073 3439 1114 3479 τι
1144 3417 1337 3500 ἐγίγνετο

237 3516 305 3581 ἐπὶ
336 3508 394 3579 ιταὶ
430 3506 668 3602 γράμματα
706 3523 754 3582 ἐν·
816 3510 1338 3606 ἀμφισβιγτήσιμον,ἦνεὶς

238 3613 755 3705 τεῦθεντὸνὲλεγγονιιαιή-
817 3615 867 3686 sd
912 3615 1148 3706 γράμματα
1198 3621 1340 3686 ταῦτα

237 3723 405 3786 σασθαι
428 3723 517 3805 περὶ
540 3722 612 3787 τοῦ
633 3717 756 3810 ἀμφι·
817 3724 1145 3789 ἐπανελθεῖνναὶ
1162 3713 1339 3801 τὴνᾶλὴ-

238 3823 546 3910 σβητονμένον.
818 3829 952 3891 θειαν
974 3823 1147 3893 πάντων
1169 3823 1316 3911 εὑρεῖν.

240 3947 337 4013 quam
361 3926 402 3993 oh
425 3950 494 3995 rem
516 3927 601 3993 hanc
616 3930 793 3995 orationem
808 3950 880 3994 curn
896 3929 1124 3996 Demosthenis
1139 3927 1341 3995 orationibus

241 4028 435 4096 tutelaribus
467 4029 713 4114 diligentissime
742 4031 881 4115 contuli,
914 4033 970 4098 sed
1000 4035 1061 4099 nisi
1089 4031 1217 4118 singula
1238 4031 1343 4097 uerba

273 4186 337 4323 051)
355 4185 497 4238 dinersum
516 4190 572 4253 est,
596 4186 672 4255 quod
695 4191 739 4241 est
756 4183 886 4254 Sophocl.
907 4186 940 4243 0.
964 4187 996 4245 O.
1016 4188 1067 4245 664
1091 4190 1176 4241 κᾶνευ
1199 4192 1249 4252 τῆς
1271 4189 1340 4252 ἐμῆς

236 4292 271 4344 γν
298 4290 357 4339 μηε.
1077 4272 1083 4295 “
