3060 4658
622 261 831 325 ..21-

191 451 220 494 u.
243 429 273 498 d.
295 430 316 500 l.
338 430 374 497 cl.
405 430 544 516 priorem
567 432 804 498 accusationem
832 433 990 499 sententia
1018 432 1159 499 iudicum
1187 435 1271 500 iura-

188 540 292 598 torum
306 535 476 601 rescissam
491 556 561 600 esse
580 546 687 620 negat.
731 537 948 623 etenimquod
963 544 1052 603 actor
1066 537 1272 624 paragrapho

186 635 309 702 decima
330 636 409 702 (licit
430 630 483 726 ἐφ’
511 626 533 730 ᾖ
561 633 622 724 lyei
654 639 727 730 δίκῃ
756 634 816 706 τὸν
842 635 1020 726 Θεόφημον
1048 635 1183 706 διώκω
1212 640 1270 719 τῆς

188 741 312 815 alatae:
334 742 509 806 rectissime
524 740 678 809 Scbaefer
692 743 773 808 IIIB
793 765 869 830 pag.
894 744 955 809 196
977 744 1143 832 scrupulos
1162 743 1269 829 legen·

186 840 270 907 tibus
292 846 419 910 exemit
463 845 580 911 actoris
603 847 687 913 enim
715 847 835 913 actioni
862 847 981 914 idcirco
1010 870 1076 913 non
1103 847 1168 913 iam
1197 846 1270 912 finis

185 947 341 1033 inpositus
378 957 443 1028 est,
479 949 556 1035 qnia
592 948 698 1016 dicam
732 948 1027 1040 ψευδομαρτυριῶν
1063 949 1269 1039 Theophemo

185 1050 319 1137 scripsit.
362 1051 448 1138 quod
470 1053 498 1118 si
519 1061 617 1119 testes
639 1051 682 1118 ab
703 1052 757 1119 illo
778 1053 939 1120 adhibitos
960 1055 1110 1120 mentitos
1125 1075 1195 1121 esse
1217 1053 1269 1119 de

183 1163 363 1219 monstrare
391 1164 533 1243 poterat,
570 1155 675 1221 denuo
711 1156 762 1221 ius
791 1178 884 1223 suum
917 1159 1043 1224 actione
1079 1158 1269 1223 iniuriarum

182 1258 331 1344 persequi
353 1258 383 1322 ei
405 1256 532 1326 licebat.

267 1382 438 1448 quaecum
459 1361 506 1426 ita
521 1363 594 1444 sint,
614 1361 660 1427 sic
682 1361 888 1428 statuendum
902 1361 980 1427 milri
1002 1362 1128 1428 uidetur
1138 1365 1180 1450 ¹):
1205 1363 1267 1429 duo

182 1486 253 1530 esse
281 1486 402 1550 genera
430 1462 637 1556 ἀντιγραφῆς
667 1465 909 1550 distinguenda,
937 1487 1038 1530 unum
1059 1471 1130 1552 {quo
1159 1467 1187 1531 is
1214 1467 1269 1554 qui

182 1572 353 1635 accusatur
379 1591 452 1634 eum
480 1570 536 1657 qui
564 1571 765 1637 accusauerit
799 1570 912 1637 eodem
946 1578 1089 1656 tempore
1124 1569 1197 1636 aliis
1227 1568 1267 1636 de

181 1672 279 1737 rebus
302 1680 399 1758 atque
420 1672 461 1738 de
483 1672 598 1759 quibus
627 1675 661 1738 in
688 1674 743 1740 nte
763 1675 853 1762 prius
883 1676 1007 1740 intenta
1027 1674 1135 1760 agitur
1155 1682 1268 1740 contra

183 1775 214 1839 in
238 1775 288 1841 ius
304 1786 407 1859 uocet,
428 1777 562 1843 alterum
578 1800 641 1864 quo
663 1777 776 1843 eadem
794 1780 833 1845 de
854 1800 891 1843 re
912 1776 954 1844 ab
969 1786 1104 1864 utroque
1127 1778 1269 1843 actiones

99 1940 102 1947 .
181 1878 397 1948 intendantur.
441 1903 498 1946 cur
518 1903 595 1946 uero
617 1882 732 1970 prioris
754 1884 880 1967 generis
903 1880 1095 1969 antigraphe
1118 1883 1202 1947 actio
1225 1880 1267 1945 ab

182 1993 369 2050 accusatore
383 1983 507 2051 intenta
522 1984 698 2052 differenda
712 1986 763 2051 uel
773 1983 987 2051 rescindenda
1001 1985 1105 2065 buerit
1120 2006 1268 2051 caussam

181 2109 247 2154 non
268 2087 373 2170 uideo,
396 2096 428 2152 ct
441 2087 528 2174 quod
548 2087 704 2155 babemus
719 2090 900 2176 exemplum
922 2096 1032 2177 aperte
1053 2097 1165 2154 contra
1180 2087 1267 2175 dicit.

182 2190 314 2256 alterius
336 2200 442 2257 autem
464 2193 590 2275 generis
613 2191 805 2280 antigrapho
827 2193 986 2259 actionem
1000 2192 1090 2278 prius
1110 2193 1267 2258 intentam

183 2293 391 2360 differendam
416 2294 516 2361 fuisse
544 2319 648 2383 paene
677 2318 736 2383 per
765 2318 800 2362 se
827 2304 931 2383 patet:
964 2317 1041 2361 nam
1074 2304 1267 2382 potestatem

184 2396 309 2483 legibus
339 2398 449 2464 datam
477 2400 624 2488 scissae,
651 2409 688 2466 ut
717 2399 829 2465 eadem
866 2420 983 2465 caussa
1011 2397 1113 2465 altera
1141 2400 1267 2467 actione

78 2576 81 2583 ‚
183 2509 292 2585 staret,
313 2501 443 2569 caderet
464 2512 571 2571 autem
586 2504 697 2588 altera,
719 2504 779 2571 boc
801 2503 843 2570 ab
859 2504 946 2569 omni
966 2501 1195 2591 probabilitate
1209 2502 1265 2569 ab·

155 2652 157 2655 -
181 2603 299 2675 horret.
344 2607 398 2693 qui
420 2606 503 2670 enim
524 2608 648 2674 iudices
669 2607 874 2674 existimandi
897 2614 985 2691 sunt,
1008 2628 1104 2695 quam
1126 2607 1267 2674 audaces

182 2731 280 2796 quam
300 2710 490 2796 inpudentes
512 2731 609 2797 quam
631 2712 770 2797 scelesti,
791 2712 847 2800 qui
868 2711 1014 2793 eundem,
1044 2723 1139 2797 quem
1160 2712 1268 2799 priore

185 2813 312 2879 actione
332 2814 578 2880 condemnatum
601 2838 671 2882 esse
694 2817 819 2896 scirent
841 2813 943 2885 altera
964 2815 1090 2880 actione
1109 2815 1267 2881 insontem

184 2938 256 2982 esse
276 2916 514 2983 iudicauerint?
536 2920 588 2983 cui
610 2919 746 3005 denique
768 2919 854 2985 bono
876 2927 945 2983 erat
966 2916 1046 2983 haec
1068 2918 1269 3007 antigrapho,

183 3020 246 3084 nisi
267 3021 356 3106 prior
377 3019 625 3087 diudicabatur?
656 3023 705 3088 sin
726 3030 833 3087 autem
855 3022 942 3108 prior
971 3020 1211 3106 dimicabatur,
1233 3032 1269 3088 ut
1330 3080 1336 3087 ,

184 3123 417 3206 (Ιίιιάἰοιώιιῐιιι,
433 3122 580 3191 breuiore
594 3135 736 3213 tempore
752 3124 904 3191 adfinem
926 3125 990 3191 litis
1004 3125 1267 3211 perueniebatur:

183 3248 260 3293 nam
288 3230 317 3292 is
348 3228 404 3314 qui
433 3225 603 3294 accusatus
624 3237 710 3312 erat,
740 3230 812 3316 qui,
841 3230 869 3294 si
898 3228 1088 3315 antigrapho
1109 3227 1268 3312 utebatur,

184 3333 321 3397 uiolatus
344 3355 414 3400 csse
435 3354 500 3399 non
521 3333 695 3399 uiolauisee
716 3332 879 3420 putandus
900 3342 979 3415 erat,
1000 3354 1066 3398 una
1087 3335 1214 3398 actione
1236 3343 1268 3398 et

185 3578 245 3628 teta
263 3576 477 3631 condemnatum
494 3574 601 3631 iudices
616 3573 816 3646 appellanisse:
834 3574 1006 3631 accusatoris
1018 3591 1121 3629 caussa
1136 3574 1193 3629 iam
1207 3575 1267 3629 diu-

187 3660 273 3716 dicari
290 3678 346 3717 non
364 3669 483 3733 poterat,
501 3662 568 3735 quia
585 3661 774 3734 appellatione
791 3661 871 3717 facta
888 3662 1028 3717 diaetetae
1044 3662 1193 3733 iudicium,
1210 3680 1266 3734 quo

186 3746 383 3820 Theopbemus
404 3752 606 3806 condemnatus
628 3754 701 3815 erat,
728 3748 939 3804 rescindebatnr
962 3764 996 3804 ac
1020 3749 1111 3804 denuo
1138 3751 1173 3803 de
1196 3749 1268 3803 anti·

185 3837 292 3907 grapho
309 3838 450 3907 agendum
467 3841 535 3903 erat,
554 3835 621 3891 dum
637 3834 808 3890 accusatoris
826 3850 928 3889 caussa
946 3834 1084 3890 diudicari
1100 3839 1203 3905 posset

255 3923 280 3994 1)
299 3922 374 3977 idem
400 3926 456 3979 iam
473 3924 589 3980 Platner
608 3922 643 3976 ΙΙ.
662 3938 728 3995 pag.
747 3923 801 3979 204
817 3922 930 3977 uidetur
948 3922 1107 3992 suspicatus
1125 3936 1195 3989 esse,
1218 3921 1266 3992 qui

185 4011 281 4065 tamen
298 4026 325 4062 u.
343 4010 369 4063 d.
388 4027 445 4066 non
462 4011 510 4065 uia
526 4015 555 4065 et
571 4009 681 4064 ratione
698 4009 728 4063 id
745 4008 819 4078 quod
836 4007 926 4063 uoluit
938 4007 1076 4078 probauit,
1093 4006 1268 4076 eandemque

185 4097 244 4153 lere
262 4094 407 4152 Schaeferi
424 4095 591 4152 sententiam
609 4094 697 4151 fuisse
714 4095 781 4150 inde
799 4093 893 4165 colligi
909 4101 1012 4164 potest,
1037 4091 1112 4164 quod
1132 4090 1176 4145 bic
1194 4108 1221 4145 n.
1240 4090 1266 4145 d.

185 4184 284 4240 necin
301 4183 401 4240 Boeoti
417 4199 470 4238 nec
486 4182 516 4237 in
533 4183 657 4254 Spudiae
674 4197 775 4237 cauam
795 4180 977 4255 antigrapheo
996 4178 1162 4236 mentionem
1180 4176 1255 4238 fecit

254 4273 281 4346 2)
298 4271 336 4328 cf.
352 4271 478 4328 Schoem.
496 4270 549 4326 litt.
567 4270 652 4325 Attio.
669 4286 735 4343 pag.
753 4270 812 4328 tot
