3060 4658
704 291 912 354 „18-

272 469 336 525 est:
359 480 436 525 nam
459 460 634 524 sententiae
650 460 733 523 duae
754 458 818 523 alia
839 458 903 522 alio
919 456 970 521 die
991 457 1096 522 edItae
1119 466 1192 521 sunt
1202 456 1237 543 1).
1266 455 1352 543 quod

268 563 511 652 Schoemannus
542 562 601 631 litt.
624 563 692 627 Att.
717 581 791 646 pag.
815 560 877 625 65⁶2
901 560 978 623 dicit
1009 561 1050 625 ab
1079 561 1191 625 eodem
1213 560 1353 625 diaeteta

269 665 341 729 lites
364 664 435 729 illas
455 664 627 729 instructas
642 686 722 744 esse,
744 661 892 748 equidem
907 661 1017 727 dubito
1040 686 1082 728 an
1097 686 1162 729 non
1182 665 1223 728 sit
1244 685 1352 728 assen-

269 768 431 833 tiundum:
464 767 595 832 celerior
625 769 709 832 enirn
736 776 786 831 est
814 768 934 844 oratio,
965 775 1001 829 ut
1029 788 1094 831 non
1118 765 1353 854 prohibeamur,

271 894 334 957 quo
356 872 462 935 minus
484 862 546 936 τὸν
567 861 759 950 διαιτητήν,
787 870 842 955 qui
862 871 968 955 priore
995 868 1035 933 de
1057 891 1173 935 caussa
1194 869 1354 934 iudicasse

271 974 394 1053 dicitur,
417 973 515 1038 alium
537 974 635 1037 fuisse
656 973 873 1037 existimemus
896 982 991 1059 atque
1014 994 1086 1037 eum
1108 973 1288 1054 diaetetam‚
1311 971 1354 1036 ad

269 1094 371 1162 quem¹
388 1076 491 1142 altera
511 1097 626 1142 caussa
648 1075 754 1141 delata
776 1086 832 1141 est.
885 1099 961 1141 nam
983 1073 1002 1141 ὁ
1023 1075 1196 1154 ’διαιτητής
1218 1076 1353 1141 alicuius

270 1181 333 1244 litis
347 1182 444 1244 etiam
465 1181 494 1243 is
516 1188 602 1244 recte
616 1186 758 1262 uocatur,
781 1181 835 1268 qui
857 1179 945 1245 litem
966 1182 1060 1244 istam
1081 1180 1217 1244 instruit.
1257 1201 1354 1265 quam

273 1283 314 1348 ob
335 1305 401 1349 rem
424 1284 531 1370 priore
552 1282 622 1347 loco
644 1279 663 1346 ὁ
685 1279 857 1363 διαιτητής
875 1283 954 1346 mihi
975 1281 1102 1348 uidetur
1123 1303 1193 1348 esse
1215 1282 1355 1347 diaeteta

270 1385 332 1460 ilie,
354 1387 408 1473 qui
431 1385 473 1450 ad
487 1386 602 1451 Boeoti
621 1407 770 1451 caussam
791 1385 1018 1451 diudicandam
1034 1386 1153 1450 eiectus
1175 1394 1233 1465 est,
1254 1385 1354 1449 altero

271 1499 378 1554 autem
400 1489 470 1553 loco
496 1489 566 1570 ille,
600 1489 655 1576 qui
676 1488 717 1553 de
737 1488 908 1554 Mantithei
937 1509 1054 1553 caussa
1075 1496 1277 1572 cognouerat.
1322 1496 1357 1552 at

270 1594 354 1657 enim
385 1593 454 1656 siue
484 1591 699 1658 Schoemanni
727 1592 796 1656 siue
821 1614 894 1656 mea
923 1592 1081 1656 sententia
1101 1591 1269 1678 probanda
1298 1600 1357 1675 est,

270 1694 330 1760 hoc
346 1717 445 1759 unum
467 1706 593 1761 constat
606 1694 685 1760 nihil
699 1695 834 1777 narrari,
856 1717 919 1781 quo
934 1694 1068 1760 alteram
1082 1695 1240 1760 actionem
1254 1696 1356 1760 altera

271 1798 403 1863 dilatam
425 1820 496 1864 esse
516 1798 739 1885 conprobetur.
765 1820 980 1885 [quamquam
1008 1796 1188 1863 cauendum
1217 1808 1282 1878 est,
1314 1819 1355 1863 ne

271 1903 404 1966 nimium
434 1924 474 1966 ex
497 1902 558 1967 hac
583 1923 699 1968 caussa
728 1900 963 1968 concludamus.
1006 1926 1083 1969 nam
1104 1905 1278 1985 Boeotum,
1300 1903 1356 1990 qui

269 2006 418 2092 postea2)
440 2005 629 2070 sententiam
653 2003 693 2068 de
707 2002 879 2069 Mantithei
899 2026 1015 2071 caussa
1029 2008 1150 2074 factam
1171 2009 1217 2072 ita
1231 2007 1358 2071 irritam

269 2108 417 2189 reddidit,
437 2118 475 2172 ut
488 2108 644 2173 Boeotum
667 2128 702 2171 se
724 2110 834 2173 uocari
853 2110 1020 2194 negitaret,
1041 2134 1148 2177 nonne
1161 2108 1360 2175 ueri‘simiIc

272 2221 321 2275 est
341 2211 513 2276 Mantithei
533 2233 651 2276 nomen
672 2209 779 2277 libello
803 2233 860 2277 suo
883 2213 1111 2302 subscripsisse
1132 2237 1198 2280 non
1219 2212 1359 2278 Boeoti?

271 2315 462 2401 praesertIm
484 2336 557 2379 cum
578 2307 772 2380 irroratione
788 2314 1000 2382 XXXVIIII.
1022 2319 1063 2383 37
1075 2327 1108 2383 et
1121 2317 1172 2397 38,
1193 2315 1248 2382 ubi
1264 2317 1356 2385 Man·

185 2418 191 2428 '
271 2416 390 2483 titheus
412 2418 568 2483 Boeotum
589 2419 694 2506 ipsum
717 2419 830 2484 Boeoti
852 2442 968 2486 nomen
998 2420 1058 2486 sibi
1079 2422 1259 2509 inposuisse
1280 2443 1355 2486 con·

271 2521 416 2585 uicturus
447 2531 511 2602 est,
543 2520 638 2586 huius
666 2543 801 2587 caussae
828 2524 948 2589 mentio
975 2524 1065 2589 nulla
1089 2524 1154 2590 fiat.
1198 2525 1227 2589 si
1248 2534 1355 2589 autem

272 2625 413 2690 Boeotus
424 2622 594 2689 Mantithei
608 2648 724 2692 nomen
739 2624 847 2691 libello
860 2648 917 2691 suo
933 2625 1131 2712 subscripsit,
1146 2627 1356 2714 antigraphae

273 2728 362 2794 locus
390 2749 456 2792 non
485 2739 546 2808 est,
578 2731 654 2815 quia
684 2730 886 2814 magistratui
914 2730 1085 2795 diaetetam
1115 2731 1245 2816 eligenti
1274 2731 1355 2795 alius

272 2840 342 2897 erat
362 2831 504 2897 Boeotus
536 2831 588 2896 ille
603 2832 669 2918 ·qui
690 2841 915 2914 accusauerat,
948 2834 1029 2898 alius
1053 2834 1106 2898 ille
1129 2834 1269 2900 Boeotus
1301 2831 1356 2919 qui

273 2943 440 3000 accusatus
462 2944 540 3003 erat.

355 3040 420 3103 iam
443 3061 519 3104 uero
542 3058 624 3124 quae
645 3038 791 3105 insecuta
814 3039 878 3104 sint
898 3038 1082 3105 uideamus:
1103 3039 1300 3106 Mantithsus
1321 3039 1356 3103 in

274 3143 427 3207 orationis
441 3140 647 3229 paragrapho
670 3141 930 3208 duodeuicesima
950 3142 1064 3209 haece:
1087 3139 1223 3228 ἀπορῶν
1244 3139 1275 3207 δ’
1294 3133 1357 3225 tyci

273 3246 388 3331 inquit,
409 3248 444 3310 τί
466 3247 582 3321 οἴνοις
601 3237 764 3331 χρήσαιτο
787 3245 836 3330 τῷ
857 3241 1041 3331 πράγματι,
1063 3241 1147 3310 οὕτω
1169 3239 1272 3311 outo
1293 3237 1357 3322 τὴν

272 3341 387 3433 αὐτὴν,
400 3349 493 3429 δίκην
515 3342 626 3436 λαχών
648 3346 742 3431 αὐτῷ
756 3349 948 3433 Μαντιθέῳ
971 3345 1131 3431 ἑνδεκάτῳ
1147 3350 1210 3413 ἔτει
1231 3346 1292 3412 νῦν
1313 3351 1356 3421 εἰς

271 3447 358 3534 ὑμᾶς
386 3457 627 3540 καταπέφευγα.
671 3452 763 3516 uides
784 3451 1012 3530 Mantitheum‚
1044 3460 1080 3515 ut
1107 3451 1219 3516 matris
1249 3451 1356 3516 dotem

272 3563 483 3642 recuperaret
506 3555 547 3619 ad
569 3554 691 3620 iudices
713 3555 896 3640 confugisse
919 3564 951 3618 et
968 3553 1088 3618 Boeoto
1110 3553 1242 3640 eiusque
1264 3551 1356 3618 fratri

274 3657 433 3722 actionem
455 3657 638 3724 intendisse.
683 3658 740 3723 sed
762 3657 939 3723 aduersarii
960 3655 1007 3720 illi
1029 3659 1224 3723 contrariam
1252 3658 1356 3722 dicam

272 3829 475 3836 ...ma-..m—

342 3921 368 3984 1)
386 3918 429 3971 17.
464 3919 530 3986 περὶ
546 3918 599 3981 μὲν
617 3907 668 3967 οὖν
686 3904 729 3967 οἷν
747 3905 828 3968 οὗτοί
843 3935 892 3983 μοι
903 3912 1078 3980 ἐδικάζοντο,
1095 3914 1272 3987 παρόντος
1289 3911 1353 3967 τού-

272 4023 321 4056 του
334 4009 382 4055 καὶ
400 4000 610 4057 ἀντιδικοῦντος
627 3997 794 4074 ἀπεδιῄτησέ
804 4022 858 4069 μου
876 4000 891 4054 b
911 3999 1070 4067 decacorde.
1089 3999 1164 4068 ..ἢν
1181 3999 1208 4053 δ’
1228 4003 1281 4074 tyci
1293 4005 1355 4053 τοῦ·

271 4110 323 4143 τον
340 4101 460 4144 torciaco
477 4090 543 4142 τότε
561 4089 626 4158 νἰερὶ
643 4093 690 4152 τῆς
713 4088 828 4158 προικὸς
844 4085 1043 4158 ἐπιδημοῦντος
1065 4090 1166 4143 τούτου
1184 4084 1290 4141 ἐνθάδε
1308 4092 1355 4138 καὶ

273 4179 334 4232 oda
353 4175 627 4243 ἀπαντήσαντος
645 4174 714 4247 πρὸς
730 4170 783 4226 τᾶν
801 4169 957 4247 διαιτητὴν,
977 4173 1176 4253 κατεδιῄτησεν
1193 4176 1288 4230 sicod-

341 4265 369 4335 2)
388 4266 404 4335 ἓ
422 4265 463 4319 18,
