3060 4658
660 323 872 389 „35-

227 493 324 578 igitur
339 493 500 576 Schaeler‚
516 498 607 560 cuius
622 517 652 561 u.
669 495 699 561 d.
709 497 970 585 conputationem
982 496 1152 561 Darestius
1162 516 1237 582 pag.
1252 496 1313 560 199

225 596 360 683 repetiit,
383 598 560 663 orationem
574 597 754 662 Alexandri
770 597 985 663 Macedonum
1006 600 1092 683 regis
1114 599 1312 687 temporibus

225 696 367 764 habitam
390 722 460 765 esse
482 700 573 782 dixit,
594 709 767 789 propterea
788 700 874 787 quod
894 711 1077 767 mercatura
1100 716 1132 768 et
1146 702 1312 786 nauigatio

225 810 293 865 tum
321 803 427 888 ipsum
455 802 637 869 floruissent
665 813 697 869 et
725 805 801 890 quia
822 804 861 872 cl.
883 806 911 890 g.
933 805 963 868 5.
985 806 1051 868 iam
1073 804 1189 870 multos
1211 826 1313 869 annos

225 906 366 970 amicitia
398 916 430 987 et
458 908 684 972 commercium
714 913 795 971 inter
825 906 1006 993 Byzantios
1037 917 1069 972 et
1097 907 1313 973 Athenienses

223 1005 321 1073 fuisse
343 1019 536 1075 narraretur.
581 1031 717 1095 quorum
738 1006 868 1095 quidem
888 1019 1151 1094 argumentorum
1166 1009 1312 1092 alterum,

224 1130 418 1195 quamquam
433 1112 593 1178 nobismet
614 1111 850 1196 neglegendum
873 1134 938 1177 non
961 1121 1017 1194 est,
1035 1121 1143 1177 tamen
1158 1136 1178 1177 a
1194 1112 1312 1178 Sohae-

223 1211 305 1294 fern,
345 1216 463 1301 quippe
497 1217 552 1300 qui
587 1214 777 1301 inquilinum
807 1214 1039 1293 Atheniensem
1072 1238 1142 1280 esse
1173 1223 1314 1280 actorem

224 1315 329 1396 uellet,
344 1317 450 1382 afferri
465 1340 531 1384 non
544 1319 660 1405 potuit.
696 1317 815 1382 etenim
831 1317 884 1380 fac
898 1318 1104 1402 peregrinum
1119 1340 1191 1381 eum
1206 1319 1315 1396 fuisse,

224 1428 261 1483 ut
282 1441 347 1484 non
368 1420 445 1485 fuit:
468 1443 546 1486 num
560 1443 692 1487 necesse
707 1430 756 1486 est
770 1420 906 1485 Athenis
922 1440 995 1483 eum
1009 1441 1074 1484 non
1089 1420 1185 1485 modo
1201 1428 1314 1485 natum

222 1543 294 1586 esse
316 1522 372 1587 sed
396 1547 520 1612 semper
542 1525 765 1592 habitauisse?
808 1544 915 1589 nonne
937 1532 1033 1588 antea
1055 1544 1153 1609 quam
1167 1523 1314 1589 Athenas

225 1647 259 1691 se
279 1627 475 1709 contulisset,
496 1627 558 1694 alio
580 1630 615 1694 in
637 1629 756 1716 oppido
779 1627 969 1693 commorari
983 1628 1089 1714 potuit
1103 1629 1201 1713 atque
1216 1628 1314 1692 etiam

223 1740 307 1812 tum,
338 1752 410 1794 cum
437 1753 581 1796 summae
604 1742 711 1797 essent
731 1731 917 1796 inimicitiae
938 1733 1023 1795 inter
1043 1728 1260 1796 Athenienses
1282 1742 1315 1795 et

224 1831 417 1917 Byzantios,
446 1843 555 1899 tamen
583 1834 725 1921 Byzanti
754 1833 904 1898 uersari?
938 1844 974 1899 at
1002 1854 1079 1899 uero
1106 1855 1175 1913 nos,
1197 1834 1314 1920 quibus

224 1934 416 2021 inquilinum
438 1937 539 2002 fuisse
554 1949 696 2004 actorem
711 1961 775 2003 non
791 1948 841 2003 est
854 1935 1034 2022 probatum,
1057 1935 1138 2000 baec
1150 1939 1316 2002 mittamus

224 2060 355 2104 necesse
377 2048 434 2104 est.
478 2040 577 2106 nihilo
598 2049 708 2105 tamen
730 2042 831 2105 setius
845 2039 973 2104 Blaesio
996 2038 1239 2104 assentiundum
1259 2050 1317 2120 est,

224 2141 278 2225 qui
309 2162 339 2208 u.
364 2142 394 2206 d.
418 2141 582 2208 Schaeferi
607 2146 868 2230 conputationem
891 2141 1040 2207 omnibus
1062 2143 1203 2207 numeris
1224 2141 1316 2207 abso·

222 2241 323 2308 lutam
345 2266 416 2309 esse
439 2256 545 2331 negat.
590 2247 709 2312 etenim
722 2268 818 2333 posse
836 2246 977 2331 aliquam
991 2245 1131 2310 inueniri
1146 2247 1315 2327 rationem,

223 2347 399 2412 secundum
422 2368 519 2435 quam
542 2351 645 2417 oratio
668 2360 743 2415 ante
764 2348 800 2412 id
819 2349 904 2435 quod
921 2348 1076 2415 Schaefer
1090 2349 1215 2414 inuenit
1237 2359 1315 2414 tem·

222 2473 283 2536 pus
305 2450 418 2516 habita
440 2473 510 2518 esse
531 2455 643 2540 possit,
666 2452 813 2539 equidem
834 2472 1024 2538 persuasum
1046 2451 1160 2519 habeo.

306 2577 464 2641 ponamus
486 2565 592 2621 autem
616 2556 676 2623 sub
690 2557 787 2621 finem
803 2556 935 2620 aestatis
951 2556 1027 2621 anni
1041 2556 1102 2621 341
1119 2554 1314 2620 Heraclidae

222 2660 440 2742 argentariam
462 2659 650 2726 dissolutam
673 2682 750 2724 esse.
794 2660 841 2723 ita
864 2659 1016 2744 sequitur,
1037 2666 1074 2722 ut
1089 2659 1191 2723 oratio
1206 2658 1311 2724 hieme

142 2787 145 2793 ·
222 2762 299 2826 anni
320 2762 383 2828 339
404 2761 518 2828 habita
540 2763 581 2828 sit
592 2763 625 2849 ¹),
648 2784 711 2850 quo
733 2761 862 2848 quidem
884 2784 969 2826 anno
985 2769 1071 2825 certe
1085 2761 1311 2848 Pyanepsione

221 2864 491 2931 Maemacterione
506 2867 686 2932 Posideoue
700 2865 865 2929 mensibus
876 2868 901 2951 ²)
917 2864 1163 2929 Atheniensium
1178 2886 1230 2929 res
1245 2887 1311 2929 non

220 2968 285 3032 iarn
308 2967 355 3031 ita
375 2968 582 3052 perturbatae
601 2978 701 3041 erant,
723 2976 760 3031 ut
773 2967 893 3032 iudicia
907 2966 1099 3031 mercatoria
1114 2989 1179 3032 non
1194 2978 1313 3032 essent.

220 3072 285 3135 iam
315 3093 392 3136 uero
415 3093 488 3135 cum
511 3079 634 3135 aestate
656 3070 733 3135 anni
755 3071 816 3136 341
841 3067 1019 3154 Byzantios
1041 3089 1114 3131 cum
1136 3067 1311 3133 Athenien·

221 3173 311 3237 sibus
326 3173 440 3238 foedus
454 3174 549 3238 icisse
569 3182 694 3239 constet
701 3174 736 3259 ³),
751 3172 840 3236 nulla
854 3194 889 3237 re
904 3168 1111 3259 prohibemur
1125 3193 1189 3257 quo
1205 3173 1311 3237 miuus
1394 3229 1397 3236 .

222 3288 418 3341 mercatores
445 3277 636 3364 Byzantios,
672 3278 727 3363 qui
758 3285 833 3342 sunt
861 3275 1040 3364 Apaturius
1071 3283 1103 3339 et
1130 3273 1311 3359 Phocritus,

223 3380 334 3444 eodem
357 3402 441 3444 anno
463 3378 600 3445 Athenis
622 3393 767 3448 uersatus
790 3402 860 3445 esse
882 3379 1110 3445 existimemus.
1153 3398 1214 3442 nec
1236 3377 1311 3442 huie

221 3483 340 3547 rationi
361 3482 440 3548 illud
462 3484 578 3565 obstat,
607 3485 692 3572 quod
714 3494 805 3549 actor
826 3483 943 3549 multos
965 3503 1023 3567 per
1045 3503 1147 3546 annos
1168 3479 1310 3566 Byzanti

223 3599 438 3652 commoratus
467 3610 539 3654 esse
570 3597 730 3654 narratur.
781 3589 898 3653 etenim
929 3586 956 3651 si
989 3608 1073 3654 anno
1103 3584 1166 3651 339
1195 3606 1312 3650 caussa

224 3689 388 3757 diudicata
418 3701 484 3776 est,
514 3693 555 3759 ab
587 3713 672 3758 anno
702 3691 769 3755 sere
797 3690 861 3755 345
882 3688 1039 3772 nauigare
1061 3687 1191 3753 destitit.
1238 3697 1312 3774 post

223 3815 343 3858 annum
381 3804 488 3861 autem
517 3797 599 3879 355,
636 3816 698 3882 quo
733 3815 817 3859 anno
846 3789 1062 3856 Athenienses
1090 3791 1173 3856 bello
1201 3789 1311 3856 sociali

291 4069 318 4223 hl
336 4064 416 4228 {fil}
429 4068 484 4206 2ῗὶ
501 4153 531 4206 dd
555 4151 643 4218 λήξαις
665 4159 726 4207 τῶν
750 4153 840 4207 δικῶν
864 4156 923 4206 τοῖο
940 4144 1072 4219 ἐμπόροις
1094 4148 1215 4214 ἔμμηνοί
1239 4148 1310 4202 εἰσιν

221 4238 279 4295 ἀπὸ
297 4246 348 4295 τοῦ
365 4237 579 4310 βοηδρομιῶνος
595 4245 674 4309 μέχρι
692 4246 742 4292 τοῦ
759 4243 958 4308 μουνυχιῶνος.

291 4329 318 4401 3)
338 4327 374 4385 of.
393 4327 513 4384 Aruoldi
532 4325 678 4383 Schaeferi
697 4325 732 4381 de
750 4325 941 4389 Demosthene
959 4321 1016 4378 nol.
1033 4319 1078 4465 Il.3
1084 4335 1154 4445 pag.
1173 4321 1232 4375 450.
1250 4322 1310 4378 465.
