3060 4658
700 227 936 296 *254

260 401 428 486 litigantes
454 403 539 467 inter
568 425 603 471 se
631 403 832 469 conciliandi.
889 404 974 490 quod
1003 403 1167 469 Arnoldus
1197 402 1350 468 Soliuefu

259 527 328 569 rem
357 506 403 569 ita
423 505 488 570 sibi
515 506 625 592 fingit,
658 516 695 573 ut
722 507 741 575 l
770 508 809 572 cl
837 529 911 596 pag.
933 508 997 572 298
1024 507 1107 573 med.
1136 507 1217 572 haee
1245 505 1348 571 dieat:

166 648 169 653 -
260 607 462 696 [Apaturius]
484 610 554 673 tritt
574 609 672 674 ihnen
693 612 752 677 mit
774 610 831 676 der
852 611 1063 700 behauptung
1083 620 1260 695 eugegen,
1286 631 1348 673 nur

260 714 313 776 ein
329 710 518 799 aussprneh,
533 713 575 777 in
591 713 670 778 den
685 713 756 778 der
770 737 848 779 von
868 700 1170 779 ihmbestelltd
1188 711 1348 776 riehter

260 813 512 899 einwillige,
544 814 643 880 binde
664 816 738 898 ihn,
770 817 822 881 die
843 818 967 882 andern
988 817 1105 882 beiden
1135 815 1222 880 seien
1245 814 1348 880 ohne

260 916 494 983 denselben
516 940 577 983 nur
591 917 715 1004 belugt,
731 942 773 984 aa
786 921 976 1000 vermitteln,
998 942 1079 1007 caue
1096 942 1136 985 ne
1151 917 1348 984 assentiaris.

259 1041 336 1084 nsm
362 1019 559 1107 Apaturium
594 1044 694 1087 unum
729 1032 854 1088 tantum
883 1022 1057 1088 diaetetam
1090 1021 1248 1088 delectum
1275 1038 1348 1086 esse

260 1124 381 1188 dixisse
403 1124 580 1190 luculenter
601 1135 737 1214 apparet
757 1149 799 1191 ex
817 1125 1022 1214 paragrapho
1045 1148 1110 1192 una
1131 1134 1164 1190 et
1184 1124 1347 1206 uicesima,

261 1226 317 1292 ubi
331 1227 509 1293 Aristocles
529 1227 615 1294 solus
637 1229 678 1294 de
692 1230 831 1316 Apaturi
846 1252 963 1296 caussa
977 1229 1168 1314 cognouisse
1188 1235 1348 1292 narratum

260 1329 347 1415 quod
370 1332 397 1395 si
418 1331 596 1418 Apaturius
617 1332 770 1398 Phocrito
791 1355 918 1420 quoque
948 1343 980 1398 et
1000 1334 1102 1398 actori
1122 1352 1239 1397 nomen
1260 1329 1347 1396 diae-

260 1442 346 1499 tetae
367 1435 594 1515 concessisset,
626 1436 804 1502 Aristocles
830 1459 914 1501 unus
936 1436 1128 1500 sententiam
1149 1434 1256 1499 facere
1278 1433 1348 1498 sine

261 1536 362 1602 dubio
378 1558 478 1602 ausus
499 1560 564 1604 non
580 1548 674 1603 esset.
717 1539 780 1604 huc
801 1538 934 1619 aceedit,
956 1537 1043 1624 quod
1058 1537 1207 1622 pactione
1229 1536 1349 1601 amissa

260 1639 301 1703 da
324 1660 411 1705 noua
432 1638 540 1705 diaeta
560 1643 786 1707 constituenda
814 1645 898 1709 inter
926 1642 1089 1725 litigantes
1111 1662 1176 1705 non
1196 1641 1348 1704 conuenit

259 1751 391 1830 propter
407 1743 442 1807 id
455 1744 569 1831 ipsum,
591 1745 677 1829 quod
693 1745 734 1810 de
747 1769 881 1811 numero
897 1745 1089 1810 arbitrorum
1103 1745 1187 1808 inter
1202 1764 1237 1808 se
1252 1743 1347 1808 alter·
1385 1822 1389 1827 .

260 1855 392 1926 cantur,
421 1868 494 1910 cum
515 1869 616 1912 unum
638 1871 710 1913 esse
734 1849 812 1915 uelit
833 1849 1016 1936 Apaturiusv
1033 1847 1239 1928 Aristoclem,
1267 1845 1347 1911 Par·

260 1972 379 2016 menon
401 1959 468 2015 tres
483 1959 520 2015 ut
534 1950 717 2035 deligantur
730 1952 877 2039 postulet
920 1973 1089 2038 quaecum
1111 1951 1158 2014 ita
1179 1949 1245 2013 sint
1257 1970 1347 2034 pror-

261 2076 316 2119 sus
338 2055 496 2119 assentior
518 2053 683 2139 Darestio,
716 2058 771 2144 qui
792 2078 865 2142 pag.
890 2056 951 2121 198
981 2054 1076 2120 haec:
1106 2052 1239 2119 moissi
1262 2052 1282 2116 l'
1304 2075 1346 2134 on

260 2158 342 2222 croit
362 2158 466 2244 inquit
480 2159 501 2222 la
515 2160 720 2244 Apatourios,
741 2160 764 2224 il
778 2162 833 2246 n'y
848 2160 953 2225 aurait
967 2181 1008 2223 en
1022 2157 1118 2244 qu'un
1134 2155 1202 2221 seul
1217 2153 1346 2234 arbitro,

259 2260 449 2339 Aristocles,
483 2259 531 2325 les
553 2260 639 2325 deux
660 2272 769 2329 autres
796 2264 974 2328 n'auraient
995 2263 1045 2326 ete
1066 2261 1229 2325 nommdes
1250 2262 1303 2345 qu'
1325 2260 1346 2323 la

257 2364 332 2429 titre
354 2363 394 2430 de
416 2364 647 2430 conciliateurs.

346 2476 380 2532 at
401 2467 537 2534 forsitan
558 2470 731 2554 quaesierit
752 2469 921 2555 quispiam,
943 2467 1019 2554 quid
1035 2465 1265 2551 disceptatores
1289 2463 1344 2528 do·

259 2570 383 2634 mestici
405 2606 445 2619 -
469 2570 529 2637 hoc
559 2572 643 2636 enim
672 2594 789 2637 nomen
812 2570 963 2636 Phocrito
990 2579 1022 2634 et
1050 2568 1152 2634 actori
1181 2569 1346 2654 imponere

258 2670 334 2738 licet
348 2711 390 2722 --
406 2674 467 2740 sibi
483 2674 592 2754 uelint,
606 2676 633 2740 si
649 2676 778 2762 quidem
793 2675 933 2739 diaeteta
948 2673 1089 2738 delectus
1105 2672 1154 2751 sit,
1176 2670 1232 2756 qui
1247 2670 1344 2734 etiam

259 2775 447 2842 absentibus
475 2777 626 2844 Phocrito
654 2787 686 2844 et
715 2766 823 2845 actore
853 2778 1045 2843 sententiam
1079 2775 1204 2840 edicere
1233 2774 1343 2859 possit

259 2902 325 2946 non
347 2880 456 2945 multis
478 2903 559 2968 opus
581 2892 630 2947 est
652 2882 777 2948 uerbis:
812 2880 1023 2946 diaetetarum
1043 2878 1119 2959 fuit,
1151 2886 1226 2942 an-te
1248 2898 1344 2963 quam

260 2985 301 3050 de
322 3006 441 3050 caussa
461 2994 700 3070 cognoscerent,
733 2985 887 3072 experiri,
920 3005 998 3048 num
1022 2982 1184 3066 litigantes
1207 2981 1290 3046 inter
1312 3001 1346 3043 se
1468 3050 1472 3057 ,

259 3085 430 3153 conciliare
451 3097 583 3174 possent
591 3087 624 3174 ²).
667 3088 728 3154 hoo
755 3090 855 3173 igitur
876 3108 976 3169 unum
1004 3085 1121 3166 ineis,
1154 3104 1236 3170 quae
1257 3080 1345 3169 Apa-

258 3193 362 3256 turius
376 3191 467 3273 dixit,
488 3192 603 3255 mirum
619 3201 677 3269 est,
699 3192 785 3278 quod
807 3190 887 3257 alios
902 3189 1131 3275 disceptatores
1154 3186 1346 3252 domesticos

260 3399 464 3411 *ww-.-

260 3527 352 3601 λόγων
362 3532 592 3600 γενομένωνοῦχ
611 3532 687 3591 οἷός
702 3513 733 3584 a’
750 3526 792 3597 ἧν
809 3536 973 3599 ἐμμένειν
991 3527 1044 3584 ola
1061 3531 1196 3580 ἐκεῖνοι
1216 3530 1346 3596 γνοῖεν.

262 3617 307 3688 [sr
329 3618 475 3686 postremis
501 3620 596 3675 uerbis
619 3623 738 3692 apparet
761 3633 818 3672 non
841 3617 888 3689 agi
912 3617 947 3671 de
970 3614 1101 3670 diaetstis
1124 3612 1255 3681 priuatis:
1281 3628 1347 3667 nam

261 3718 356 3758 eorum
375 3705 516 3759 sententis
533 3710 596 3760 rata
608 3711 637 3760 et
653 3703 833 3760 immutabilis
851 3710 902 3758 est.
931 3703 968 3758 cf.
980 3701 1079 3756 Meisri
1096 3700 1146 3755 lib.
1165 3698 1202 3753 de
1219 3699 1347 3756 dmetetis

261 3792 450 3951 P28‘13·c5fll·§
469 3879 513 3949 19,
547 3868 626 3936 οὗτος
650 3883 703 3948 μὲν
725 3878 815 3941 ἀξιῶν
838 3876 890 3931 τὸν
903 3872 1080 3943 Ἀριστοκλέα
1100 3904 1133 3914 ·-
1151 3872 1197 3928 hic
1215 3873 1348 3929 omissum

262 3968 305 4018 est
321 3966 413 4032 ἑαυτῷ
431 3965 517 4036 illud,
544 3965 621 4038 qnod
639 3964 820 4021 Schaeferum
845 3962 957 4032 decepit
972 3994 1007 4003 -
1028 3962 1043 4014 ὁ
1062 3958 1092 4014 δὲ
1111 3965 1269 4029 Παρμένων
1285 3961 1350 4018 τούς

259 4071 359 4209 ml)
376 4137 413 4193 cf.
432 4138 633 4196 Hudtwalclrer
653 4156 718 4211 pag.
743 4139 802 4203 157,
829 4135 927 4191 Meieri
950 4135 999 4192 lib.
1023 4136 1058 4191 de
1081 4132 1211 4191 diastetis
1234 4148 1300 4204 pag.
1323 4134 1349 4198 b,

263 4225 336 4281 Isse.
355 4224 390 4283 de
409 4224 544 4299 Dicaeog.
562 4225 656 4281 hored.
674 4225 717 4281 32.
