3060 4658
681 172 906 259 --ra--v

239 361 335 427 quem
356 339 688 408 maliuolentissimum
709 343 870 409 hominem
899 343 1000 409 fuisse
1028 350 1099 409 tota
1125 365 1168 409 ex
1187 342 1332 411 oratioue

241 443 360 529 οἰιιοοι,
393 445 511 511 multas
540 445 743 513 difficultates
768 456 878 512 mouet
905 445 1160 532 necquicquam
1189 454 1330 534 praeter-

239 550 345 630 mittia
361 550 438 636 quin
453 557 595 615 actorem
608 550 712 616 irritet
721 549 755 639 1).
799 549 856 617 sed
877 548 977 615 nihilo
996 551 1103 614 minus
1125 550 1219 615 nauis
1235 550 1331 635 uenit,

238 654 334 719 nauis
346 652 372 740 9)
394 653 543 741 inquam:
565 655 777 741 nequeenim
795 654 835 723 Α
858 652 1069 741 Schasforo‘)
1091 661 1123 718 et
1144 651 1332 743 Darestio⁴)

113 784 121 815 ι
240 756 481 823 aswntiendum
511 765 574 841 eat,
610 757 666 844 qui
694 778 746 825 uu.
774 756 826 824 du
856 779 967 824 seruos
989 778 1063 822 cum
1087 777 1172 823 naue
1204 759 1332 825 uenisaa

237 859 450 927 affirmaucra.
508 881 586 925 nam
614 860 708 925 nauis
747 868 780 925 et
811 862 897 927 serui
938 881 1066 949 semper
1095 869 1249 929 accurate
1287 860 1330 928 ab

240 973 368 1030 oratore
396 963 637 1050 distinguuntur
664 967 706 1046 ἐξ
737 963 767 1046 8,
783 977 784 980 ’
798 965 829 1045 9,
861 963 910 1045 10,
940 965 990 1046 11,
1018 963 1224 1052 paragrapho
1253 963 1331 1033 duo·

240 1066 366 1135 decima
389 1076 496 1133 auiam
510 1090 575 1133 non
598 1067 705 1156 agitur
722 1067 787 1133 nisi
801 1067 843 1134 ula
863 1089 970 1134 naue
991 1066 1130 1136 ueodira
1174 1067 1237 1135 hac
1251 1080 1330 1135 uero

238 1173 273 1236 in
301 1170 507 1259 paragrapho
535 1173 629 1237 nauis
659 1170 818 1238 uocabulo
850 1193 969 1237 nauem
998 1192 1072 1239 cum
1101 1173 1203 1239 souis
1233 1171 1331 1256 signi·

238 1276 367 1342 ficatam
400 1296 472 1342 esse
502 1297 540 1341 eo
569 1276 677 1341 minus
707 1275 958 1341 existimandum
989 1283 1056 1357 eat,
1089 1275 1179 1362 quod:
1206 1275 1331 1343 decima

237 1379 444 1467 paragrapho
460 1378 599 1444 dilucide
621 1379 743 1449 dictum
767 1389 817 1444 est
830 1387 973 1445 actorem
988 1379 1092 1447 seruis
1107 1380 1331 1465 possumusne

174 1501 175 1504 ’
238 1479 282 1549 a’
309 1483 539 1559 chatolicorum
565 1484 731 1568 γίγνοιτο,
762 1474 807 1550 soi
828 1482 1022 1549 ἐλλείποντα
1043 1486 1078 1549 ha
1105 1480 1173 1549 acia
1201 1482 1331 1551 nauso

237 1583 293 1666 εἴη.
337 1585 424 1674 quod
454 1588 481 1652 ai
512 1585 648 1653 XXXX
676 1586 773 1652 minis
802 1584 936 1652 uenibat
968 1586 1076 1669 nauis,
1109 1585 1188 1672 quid
1211 1607 1330 1655 seruos

236 1689 377 1755 uendere
408 1708 489 1777 opus
518 1688 614 1754 erat?
647 1712 732 1756 naue
758 1691 857 1775 igitur
885 1687 1019 1754 uendite
1048 1697 1080 1755 et
1101 1686 1204 1755 XXX
1234 1689 1330 1757 minis

237 1792 430 1861 Heraclidae
445 1791 667 1877 creditoribus,
689 1795 722 1859 X
738 1802 846 1859 autem
860 1791 957 1859 minis
971 1791 1181 1859 Parmenonti
1195 1791 1330 1858 redditis

236 1897 442 1986 syngraphae
471 1895 580 1962 multis
617 1895 754 1964 testibus
782 1894 1008 1985 praesentibus
1045 1895 1193 1962 delentur
1225 1916 1329 1982 noque

235 2002 407 2088 quicquam
435 2002 502 2066 iam
531 2000 669 2089 amplius
699 2001 784 2066 inter
813 2021 848 2066 se
877 2021 949 2066 esse
977 2000 1088 2085 negoti
1116 2006 1150 2065 et
1178 2007 1268 2066 actor
1297 2007 1329 2065 et

235 2106 412 2191 Apaturius
433 2104 631 2193 profitentur.

318 2209 384 2273 iam
407 2230 484 2275 uero
494 2208 520 2296 ὅ)
536 2208 720 2274 Parmenon
735 2207 894 2296 Apaturio
916 2206 1004 2273 litem
1025 2204 1173 2287 intendit,
1193 2213 1227 2271 et
1240 2204 1327 2292 quod

235 2311 424 2379 uerberibus
447 2313 488 2378 ab
512 2335 550 2378 eo
574 2312 707 2377 affectus
730 2319 813 2392 erat,
842 2333 917 2375 cum
945 2331 1018 2376 eum
1042 2306 1241 2396 prohiberet,
1263 2329 1327 2395 quo

233 2417 339 2482 minus
370 2437 481 2482 seruos
511 2414 687 2481 abduceret
708 2453 747 2465 -
773 2413 815 2479 ad
844 2421 969 2480 tantam
998 2412 1233 2502 impudentiam
1254 2434 1327 2501 pro-

233 2528 375 2585 cesserat
396 2518 493 2585 homo
513 2519 575 2583 iste
589 2517 905 2584 maliuolentissimus
927 2555 970 2565 -
991 2527 1024 2581 et
1045 2516 1131 2603 quod
1155 2514 1197 2581 ab
1219 2536 1257 2583 eo
1279 2517 1327 2583 in·

232 2622 361 2711 peditus
370 2630 449 2705 erat,
460 2643 501 2686 ne
511 2622 545 2685 in
554 2620 971 2708 Siciliamproficisceretur.
994 2618 1081 2707 quod
1089 2619 1129 2686 A.
1138 2618 1325 2706 Schaeferss)

233 2727 310 2816 dicit
332 2726 580 2791 Parmenontem
610 2723 690 2813 ipsis
719 2723 908 2790 uerberibus
939 2722 980 2787 ab
1004 2724 1163 2811 Apaturio
1191 2724 1326 2810 ingestis

231 2830 278 2894 ita
308 2829 527 2895 conflictatum
559 2851 646 2909 esse,
674 2837 710 2894 ut
743 2828 805 2893 iter
838 2827 1039 2916 propositum
1069 2827 1231 2915 suscipere
1261 2849 1326 2893 non

231 2943 349 3021 posset,
370 2931 466 3020 plane
482 2931 722 2999 assentiendum
737 2939 794 3000 aaa
824 2953 928 3018 neque
950 2932 1036 2997 enim
1049 2930 1116 2996 ulla
1130 2931 1194 2997 alia
1209 2952 1325 2998 caussa

229 3036 407 3122 probabilia
436 3036 576 3103 inueniri
604 3043 726 3123 potest,
757 3057 815 3100 cur
842 3036 885 3100 sit
913 3034 1094 3122 impeditus.
1139 3055 1219 3099 caue
1246 3054 1323 3099 uero

229 3163 270 3205 nc
298 3140 377 3205 illud
406 3138 467 3203 tibi
496 3139 712 3227 persuadeas,
748 3137 990 3205 difficultatibus
1021 3136 1099 3217 illis,
1129 3157 1210 3221 quas
1239 3155 1324 3199 naue

229 3251 387 3335 occupata
409 3241 451 3308 ab
467 3240 628 3329 Apaturio
649 3251 754 3307 motas
774 3263 845 3307 esse
867 3242 1014 3321 uidimus,
1037 3260 1110 3304 eum
1123 3237 1323 3303 retardatum

234 3403 416 3410 ffl---m
432 3403 438 3407 .

299 3485 325 3550 1)
342 3479 440 3536 πάντα
463 3477 494 3534 aa
520 3481 639 3547 ποιήσας
666 3487 713 3539 καὶ
737 3482 775 3539 εἰς
803 3489 900 3537 πᾶσαν
927 3481 1084 3546 ἀπέχθειαν
1105 3473 1198 3545 τούτῳ
1226 3475 1324 3533 ἐλθὼν

226 3565 328 3638 μόλις
345 3566 498 3640 εἰσέπραξα
514 3563 549 3622 ari
568 3569 713 3639 ἀργύριον.

296 3657 325 3725 h)
345 3654 381 3710 cf.
396 3653 520 3709 Bccckhi
540 3671 635 3710 oecon.
655 3656 729 3725 sicil.
749 3655 771 3711 I.
790 3673 854 3726 pag.
875 3654 933 3710 156.

298 3743 328 3812 3)
345 3757 411 3814 pag.
429 3742 489 3797 297.

295 3829 324 3896 4)
342 3844 408 3899 pag.
422 3828 487 3884 198:
505 3828 548 3883 les
559 3829 746 3899 liquidateurs
766 3827 801 3883 da
814 3827 843 3881 la
861 3826 974 3897 hanoea
991 3825 1054 3882 font
1066 3824 1171 3883 vandra
1182 3825 1212 3881 la
1223 3826 1318 3881 uavire

226 3922 256 3972 ct
273 3915 442 3988 l’aqupaga
461 3914 586 3987 ch-pag.
603 3917 657 3973 214
679 3921 737 3970 not.
757 3916 782 3971 6.
818 3929 865 3969 aas
883 3913 1010 3969 esclaves
1028 3912 1134 3969 etaient
1152 3927 1217 3967 sans
1236 3910 1319 3965 doute

226 4001 386 4075 l'squipago
404 4002 443 4058 du
459 4001 556 4057 havire
576 4000 782 4073 d’Apatourics.

292 4091 322 4152 ὃ)
339 4089 375 4144 cf.
395 4092 412 4161 ἦ
430 4090 474 4144 13.

296 4178 323 4257 6)
340 4193 406 4252 pag.
423 4178 476 4233 298
494 4192 593 4230 summ.
