3060 4658
698 197 908 261 -28..

222 396 229 409 ⁴
264 372 299 430 at
322 367 497 454 Apaturius
525 369 656 453 negotia
683 367 842 436 facessere
870 390 937 435 non
966 368 1096 434 destitit
1139 371 1232 437 tertio
1262 371 1347 436 enim

263 490 348 534 anno
370 479 452 556 post,
480 492 554 536 aere
576 472 679 538 alieno
701 495 832 560 pressus
855 473 982 559 opinor,
1010 472 1066 537 lite
1087 476 1278 540 mercatoria
1299 476 1347 540 in·

263 574 388 659 teuta1)
411 584 551 640 actorem
565 597 604 641 eo
624 577 752 642 nomine
774 577 809 642 in
830 577 881 640 ius
895 584 998 653 uocat,
1020 575 1105 662 quod
1120 576 1346 644 Parmenontis

261 697 356 762 praes
378 687 477 760 esset,
506 678 648 765 petitque
670 702 691 744 a
712 678 887 760 iudicibus,
916 688 952 743 ut
973 678 1041 746 XX
1062 680 1166 745 minas
1187 702 1262 746 eum
1284 681 1347 747 sibi

261 776 436 845 dissoluere
457 789 616 865 cogerent.

347 882 466 950 diutius
487 883 549 950 boc
566 885 637 951 loco
653 885 914 952 commorandum
929 886 1056 952 uidetur
1071 894 1104 951 ct
1118 887 1346 973 quaerendum,

261 1008 400 1073 quonam
421 989 490 1054 iure
511 991 734 1054 mercatoriam
756 990 915 1057 actionem
926 990 952 1076 λ)
974 991 1153 1077 Apaturius
1175 991 1277 1055 actori
1298 991 1345 1056 in·

260 1092 405 1160 tenderit.
440 1091 565 1178 legibus
580 1093 664 1158 enim
679 1094 888 1159 constitutum
903 1102 980 1172 erat,
1001 1102 1037 1158 ut
1051 1093 1122 1158 lites
1136 1095 1346 1160 mercatoriae

261 1194 420 1261 naucleris
452 1206 484 1262 et
512 1196 743 1262 mercatoribus
770 1207 877 1262 essent
910 1198 996 1287 apud
1026 1197 1268 1277 thesmotetasi)
1297 1197 1345 1262 de

260 1301 555 1367 contractibus
584 1302 860 1369 mercatoriis.
910 1302 1038 1367 Demon
1068 1301 1195 1389 quidem
1217 1301 1253 1365 in
1274 1324 1345 1367 ore·

260 1403 346 1469 tione
369 1404 514 1470 XXXII.
539 1407 565 1473 1.
587 1403 679 1469 addit
700 1413 883 1470 contractus
904 1405 984 1471 istos
1006 1405 1119 1470 litteris
1139 1405 1345 1490 consignatos

259 1529 330 1573 esse
351 1530 481 1574 necesse
503 1531 583 1592 esse,
607 1508 663 1573 sed
684 1508 719 1572 id
740 1506 907 1591 legibusne
920 1507 1115 1594 postulatum
1130 1507 1244 1573 fuisset
1258 1517 1345 1573 recte

257 1611 323 1674 iam
351 1611 476 1678 Heffter
512 1613 545 1676 in
579 1611 712 1676 dubium
741 1612 909 1677 uocauisse
937 1611 1017 1675 mihi
1046 1610 1188 1676 uidetur:
1225 1613 1345 1678 etenim

258 1712 388 1800 reliquis
410 1715 526 1801 quibus
548 1715 636 1799 leges
651 1713 861 1779 mercatoriae
875 1713 1050 1779 laudentur
1063 1715 1141 1781 locis
1157 1737 1221 1781 non
1237 1717 1345 1801 egitur

257 1818 320 1882 nisi
341 1817 382 1883 de
403 1820 619 1904 συμβολαίοις
631 1818 667 1906 ⁴),
689 1839 752 1904 quo
767 1816 924 1883 uocabulo
941 1818 1046 1904 quiuis
1061 1826 1254 1902 contractus,
1275 1821 1343 1885 siue

259 2057 283 2112 si
303 2057 356 2112 elle
375 2059 413 2129 [la
430 2058 520 2131 partie
537 2056 621 2128 leste]
641 2056 689 2111 vit.
726 2071 780 2127 ego
798 2055 928 2128 equidem
943 2070 999 2108 non
1017 2053 1109 2123 uideo,
1127 2054 1236 2126 quade
1254 2057 1344 2112 salute

260 2148 375 2216 agatur:
394 2161 485 2218 neque
504 2144 578 2201 enim
596 2159 716 2215 usquam
728 2148 813 2198 antea
832 2143 867 2198 de
884 2140 1017 2215 periculis
1029 2157 1120 2196 sermo
1139 2147 1190 2199 est.
1225 2143 1301 2215 quod
1319 2144 1344 2198 ei

258 2232 294 2286 de
313 2231 421 2287 itineris
439 2232 571 2288 maritimi
588 2231 719 2303 periculis
741 2237 773 2286 ut
790 2231 901 2303 caepim
925 2228 964 2284 sic
987 2229 1014 2283 h.
1034 2230 1054 2282 1.
1073 2228 1216 2294 σώζεσθαι
1239 2230 1344 2285 dictum

258 2324 311 2386 cst,
330 2319 497 2392 significatio
508 2318 571 2386 loci,
590 2335 645 2389 quo
659 2325 793 2375 uenturus
809 2322 884 2374 esset
895 2318 1062 2382 Parmenon,
1081 2315 1170 2371 omitti
1183 2315 1230 2372 uix
1243 2318 1343 2389 potuit.

256 2423 341 2479 quam
362 2407 399 2462 ob
418 2423 547 2463 caussam
565 2411 615 2460 aut
632 2405 715 2460 fallor
731 2412 780 2460 aut
797 2405 916 2477 scriptor
933 2402 1067 2458 orationis
1089 2403 1176 2459 dedit:
1203 2406 1255 2457 cdv
1272 2424 1343 2459 ποτε

259 2489 342 2566 δεῦρο
364 2493 451 2549 πάλιν
474 2495 565 2567 σωθῇ,
589 2491 624 2546 cf.
643 2492 710 2548 Eur.
737 2492 843 2548 Phoen.
865 2493 924 2549 725.
966 2491 1044 2561 εἴπερ
1073 2488 1183 2562 σφαλείς
1204 2513 1236 2565 ys
1260 2489 1342 2564 δεῦρο

257 2581 383 2645 σωθήσει
401 2580 487 2636 πάλιν
505 2581 540 2644 ,si
558 2580 670 2651 quando
687 2578 818 2633 redicrib‘

328 2669 357 2739 1)
374 2667 410 2723 cf.
429 2665 470 2743 ἐξ
489 2671 565 2725 1-3.
583 2669 627 2724 23.
662 2667 786 2722 Platner.
803 2665 825 2720 I.
843 2681 909 2737 pag.
927 2666 980 2723 292
996 2670 1067 2720 extr.

325 2755 353 2822 2)
372 2755 406 2810 de
418 2754 513 2838 litibus
525 2752 696 2811 mercatoriis
714 2752 750 2807 cf.
762 2751 869 2807 Heffter
885 2768 951 2842 pag.
968 2754 1020 2809 399
1032 2770 1136 2825 pron„
1156 2745 1340 2807 Schoemauu.

256 2842 291 2897 de
309 2842 362 2899 litt.
381 2843 439 2898 Ata
457 2859 521 2915 pag.
544 2843 700 2913 scapton,
719 2838 833 2894 Pletner
851 2839 875 2895 I.
896 2854 963 2911 pag.
987 2840 1057 2906 289„
1084 2838 1342 2895 Biichsenschuetzi

256 2928 330 2984 liber
347 2929 394 3002 qui
414 2929 577 2985 inscribitur
596 2927 684 2983 besitz
702 2925 761 2982 und
779 2927 892 2998 erwerb
910 2925 948 2980 im
966 2914 1167 2981 Griechischen
1185 2926 1341 2996 altertume,

255 3015 337 3072 Helie
354 3016 432 3083 1869,
451 3033 516 3089 pag.
534 3015 593 3072 531.

324 3104 352 3172 3)
369 3104 405 3159 de
417 3103 509 3159 litium
519 3101 746 3157 mercatoriamm
758 3099 975 3156 instructoribus
987 3104 1062 3155 recte
1074 3104 1173 3156 contra
1184 3097 1341 3154 Heffterum

255 3189 277 3245 l.
297 3191 332 3246 cl.
350 3197 378 3245 et
389 3191 523 3247 Meierum
540 3190 588 3261 (de
603 3188 684 3255 bouis
697 3188 789 3243 damn.
807 3202 872 3259 pag.
884 3187 938 3255 95·)
957 3186 1113 3258 disputanti
1131 3186 1341 3242 Schoemannue

255 3275 309 3331 litt.
327 3276 387 3334 Act.
406 3294 473 3350 pag.
490 3278 526 3334 84
543 3292 639 3346 proxx.
676 3276 710 3330 cf.
727 3273 852 3330 Boeekbi
870 3290 965 3330 oecon.
981 3274 1038 3329 cin.
1056 3274 1121 3329 Ath.
1138 3273 1160 3327 Ι.
1177 3287 1243 3345 pag.
1264 3272 1306 3327 71.

323 3363 351 3424 4)
374 3356 520 3437 [XXXIII]
565 3364 589 3418 1.
624 3366 683 3419 τοῖς
699 3366 751 3433 μὲν
768 3360 901 3433 ἐμπόροις
918 3367 966 3414 καὶ
984 3365 1042 3418 τοῖς
1057 3357 1221 3431 ναυκλήροις
1238 3358 1341 3414 κολούει

1062 3445 1077 3500 u‘
1096 3444 1181 3514 νόμοι
1200 3445 1275 3499 εἶναι
1291 3447 1340 3503 τὰς

371 3533 504 3606 [XXXII]
568 3535 591 3590 l.
646 3574 652 3585 .
689 3575 695 3587 .
731 3577 738 3588 .
775 3534 831 3588 ,οἷ
846 3534 930 3604 νόμοι
948 3532 1088 3587 κολούουσι
1104 3531 1153 3588 τὰς
1170 3528 1248 3589 diuae
1267 3532 1341 3586 εἶναι

371 3620 533 3694 [ΧΧΧΙΙΠ]
553 3622 598 3677 42.
642 3659 861 3675 ......
874 3619 923 3676 τὰς
940 3615 1018 3676 δίκαι
1035 3618 1110 3672 εἶναι
1126 3618 1174 3675 τὰς
1191 3619 1341 3691 ἐμπορικὰς

370 3776 517 3849 [ΧΧΧΙΙΙ]
568 3778 593 3832 l.
627 3773 705 3834 diuus
721 3815 901 3831 .....
916 3775 985 3849 πρὸς
1002 3774 1068 3832 τοὺς
1083 3774 1273 3844 θεσμοθέται,
1291 3774 1341 3829 triv

1089 3881 1119 3914 τι
1137 3857 1293 3915 ἀδικῶνται
1309 3867 1341 3916 ἐν

368 3949 499 4020 [XXXII]
566 3949 590 4004 1.
625 3954 684 4006 τοῖο
704 3947 867 4021 ναυκλήροις
884 3953 932 4001 καὶ
949 3951 1007 4004 τοῖο
1028 3946 1161 4022 tunderes
1196 3989 1202 4000 .
1238 3987 1245 4002 .
1280 3953 1341 4002 τῶν

1000 4033 1143 4101 Ἀθήναζε
1160 4036 1208 4086 καὶ
1224 4037 1284 4086 τῶν
1295 4037 1340 4087 Ἀ-

362 4122 529 4194 [ΧΧΧΙΠΙ]
545 4122 590 4178 42.
647 4157 912 4177 .......
945 4126 1005 4175 τῶν
1023 4118 1203 4190 συμβολαίων
1224 4126 1284 4173 τῶν
1296 4120 1340 4174 Ἅ-

360 4208 488 4284 [XXXV]
542 4210 586 4265 37.
621 4213 675 4264 ποῦ
692 4210 744 4281 χρὴ
762 4206 860 4277 λαβεῖν
878 4204 989 4274 δίκην.
1017 4214 1083 4280 περὶ
1099 4212 1160 4262 τοῖν
1177 4211 1340 4282 ἐμπορικῶν

689 4492 701 4523 1
